=LDR  01221cim  2200325   4500
=001  1299035
=005  20151205164735.0
=007  st|mm|cmb|||||
=008  770523s1974\\\\nyu|||\\\|\\\\\l\\\\eng\d
=035  \\$a(CStRLIN)NYCX2988861R
=035  \\$a(NIC)notisAGA0555
=035  \\$a(OCoLC)2988861
=035  \\$a1299035
=040  \\$aNIC$cNIC$dCStRLIN
=045  \\$ax7x7
=100  1\$aStone, I. F.$q(Isidor Feinstein),$d1907-1989.
=245  10$aHas Watergate ruined Ford too?$b[Sound recording]
=300  \\$areel. 1/2 track. mono.$b7 in.
=500  \\$aDuration:  1 hour, 45 minutes.
=518  \\$aLecture recorded at Bailey Hall, September 30, 1974.
=600  10$aNixon, Richard M.$q(Richard Milhous),$d1913-1994$xResignation from office.
=600  10$aFord, Gerald R.,$d1913-2006.
=650  \0$aWatergate Affair, 1972-1974
=600  17$aFord, Gerald R.,$d1913-2006$2fast$0(OCoLC)fst00031913
=600  17$aNixon, Richard M.$q(Richard Milhous),$d1913-1994$2fast$0(OCoLC)fst00031384
=611  27$aWatergate Affair (1972-1974)$2fast$0(OCoLC)fst01172679
=648  \7$a1972 - 1974$2fast
=650  \7$aResignation from office$2fast$0(OCoLC)fst01354439
=905  \\$a19920423120000.0
=948  2\$a20141118$bm$dbatch$elts$xaddfast

