=LDR  00745cim  2200253   4500
=001  1299685
=005  20151205164846.0
=007  st|km|bmb||||
=008  770922s1975\\\\xxu|||\\\|\\\\\l\\\\eng\\
=035  \\$a(CStRLIN)NYCX3285610R
=035  \\$a(NIC)notisAGA1213
=035  \\$a(OCoLC)3285610
=035  \\$a1299685
=040  \\$aNIC$cNIC$dCStRLIN
=045  \\$ax7x7
=100  1\$aHiss, Alger.
=245  10$aMcCarthyism.$h[Sound recording]
=300  \\$a1 reel. 1/2 track. mono.
=500  \\$aRecorded March 13, 1975 at Ives Hall.
=500  \\$aDuration: 32 minutes.
=600  10$aMcCarthy, Joseph,$d1908-1957.
=600  17$aMcCarthy, Joseph,$d1908-1957$2fast$0(OCoLC)fst00034087
=905  \\$a19330303120000.0
=948  2\$a20141118$bm$dbatch$elts$xaddfast

