=LDR  00771cim  2200241   4500
=001  1299748
=005  20151205164853.0
=007  ss|km|bmb||||
=008  770930s1975\\\\nyu|||\\\|\\\\\l\\\\eng\d
=035  \\$a(CStRLIN)NYCX3306995R
=035  \\$a(NIC)notisAGA1277
=035  \\$a(OCoLC)3306995
=035  \\$a1299748
=040  \\$aNIC$cNIC$dCStRLIN
=045  \\$ax7x7
=100  1\$aHoffa, James R.$q(James Riddle),$d1913-
=245  10$aPrison reform.$h[Sound recording]
=300  \\$a1 reel. 1/2 track. mono.
=500  \\$aSponsored by the Cornell Chapter of the National Association for Justice.
=500  \\$aDuration: 40 minutes.
=518  \\$aRecorded at Ives Hall, April 8, 1975.
=710  1\$aNational Association for Justice.$bCornell Chapter.$4prf
=905  \\$a19330303120000.0

