=LDR  01049cas  2200313 a 4500
=001  1950580
=005  20151207185955.0
=008  910919c19919999nyu\r\p\\\\\\\0\\\a0eng\d
=035  \\$a(NIC)notisAKB6466
=035  \\$a(OCoLC)24655341
=035  \\$a1950580
=040  \\$aNIC$cNIC$dNIC
=245  04$aThe Bookpress.
=260  \\$aIthaca, N.Y. :$bThe Bookery,$c1991-
=265  \\$aThe Bookpress, DeWitt Mall, Ithaca, NY   14850
=300  \\$av. :$bill. ;$c44 cm.
=362  0\$aVol. 1, no. 1 (Sept. 1991)-
=500  \\$aTitle from caption.
=650  \0$aBooks$vReviews$xPeriodicals.
=650  \0$aAuthors$y20th century$xInterviews$xPeriodicals.
=650  \0$aLiterature, Modern$y20th century$xPeriodicals.
=648  \7$a1900 - 1999$2fast
=650  \7$aBooks$2fast$0(OCoLC)fst00836401
=650  \7$aLiterature, Modern$2fast$0(OCoLC)fst01000172
=655  \7$aPeriodicals$2fast$0(OCoLC)fst01411641
=655  \7$aReviews$2fast$0(OCoLC)fst01423760
=905  \\$a19991105120000.0
=948  2\$a20141128$bm$dbatch$elts$xaddfast
=950  \\$aZ1035.A1$bB735$luris

