=LDR  01583cim  22003492u 4500
=001  3600091
=005  20151214182500.0
=007  ss|lmnjluz|nuu
=008  991101s1987\\\\nyunnn\\\\\\\\\l\\\\eng\d
=035  \\$a(NIC)notisASF7156
=035  \\$a3600091
=035  \\$a(OCoLC)63895511
=040  \\$aNIC$cNIC$dNIC$dNIC
=100  1\$aChomsky, Noam.
=245  10$aU.S. international and security policy: the right turn' in historical perspective$h[sound recording]
=260  \\$c1987.
=300  \\$a1 sound cassette :$banalog, mono.
=500  \\$aRecorded in Ithaca, NY by Cornell University.
=500  \\$aAccompanied by: Notes.
=500  \\$aSponsored by: Education Against Oppression.
=500  \\$aSpeaker(s): Lecturer is Professor of Linguistics at Massachusetts Institute of Technology, prominent speaker and author in linguistics and social issues.
=518  \\$aLecture, February 9, 1987.
=520  \\$aChomsky analyzes the activity of the Reagan administration as a right turn' in U.S. government policy, citing such things as a transfer of resources from the poor to the wealthy, an increase in state power and economic control, and an activist foreign policy.
=651  \0$aUnited States$xForeign relations.
=651  \0$aUnited States$xPolitics and government$y1981-
=648  \7$aSince 1981$2fast
=650  \7$aDiplomatic relations$2fast$0(OCoLC)fst01907412
=650  \7$aPolitical science$2fast$0(OCoLC)fst01069781
=651  \7$aUnited States$2fast$0(OCoLC)fst01204155
=899  1\$aCULectures
=905  \\$a20000412120000.0
=948  2\$a20141221$bm$dbatch$elts$xaddfast

