=LDR  01285cim  22003492u 4500
=001  3600161
=005  20151214182512.0
=007  ss|lmnjluz|nuu
=008  991101s1986\\\\nyunnn\\\\\\\\\l\\\\eng\d
=035  \\$a(NIC)notisASF7226
=035  \\$a3600161
=035  \\$a(OCoLC)63895638
=040  \\$aNIC$cNIC$dNIC
=100  1\$aKahane, Meir.
=245  10$aSpeaking at Cornell$h[sound recording]
=260  \\$c1986.
=300  \\$a1 sound cassette (65 min.) :$banalog, mono.
=500  \\$aRecorded in Ithaca, NY by Cornell University.
=500  \\$aAccompanied by: Notes.
=500  \\$aSponsored by: Jewish Awareness Network.
=500  \\$aSpeaker(s): Lecturer founded the Jewish Defense League and is a member of Israel's parliament, the Knesset.
=518  \\$aLecture, November 16, 1986.
=520  \\$aKahane presents his views on the state of Israel and the presence of Arabs in Israel while responding to a hostile, heckling crowd.
=650  \0$aJewish nationalism.
=650  \0$aJews$xIdentity.
=650  \0$aZionism.
=650  \7$aJewish nationalism$2fast$0(OCoLC)fst00982863
=650  \7$aJews$xIdentity$2fast$0(OCoLC)fst00983278
=650  \7$aZionism$2fast$0(OCoLC)fst01184468
=899  1\$aCULectures
=905  \\$a19991201120000.0
=948  2\$a20141221$bm$dbatch$elts$xaddfast

