=LDR  01417cim  22003492u 4500
=001  3600168
=005  20151214182514.0
=007  ss|lmnjluz|nuu
=008  991101s1987\\\\nyunnn\\\\\\\\\l\\\\eng\d
=035  \\$a(NIC)notisASF7233
=035  \\$a3600168
=035  \\$a(OCoLC)63895647
=040  \\$aNIC$cNIC$dNIC$dNIC
=100  1\$aOrlov, Yuri,$d1924-
=245  10$aHuman rights violations in the Soviet Union and El Salvador$h[sound recording]
=260  \\$c1987.
=300  \\$a1 sound cassette (85 min.) :$banalog, mono.
=500  \\$aRecorded in Ithaca, NY by Cornell University.
=500  \\$aSponsored by: Amnesty International.
=500  \\$aSpeaker(s): Orlov is a physicist at Cornell who was recently allowed to emigrate from the Soviet Union. Dudley is coordinator of CUSLAR.
=518  \\$aPanel, February 27, 1987.
=520  \\$aThe speakers discussed human rights violations in the Soviet Union and El Salvador and answered questions from the audience.  Orlov used an interpreter.
=540  \\$aNo reproductions authorized.
=650  \0$aCivil rights$zEl Salvador.
=650  \0$aCivil rights$zSoviet Union.
=650  \7$aCivil rights$2fast$0(OCoLC)fst00862627
=651  \7$aEl Salvador$2fast$0(OCoLC)fst01205530
=651  \7$aSoviet Union$2fast$0(OCoLC)fst01210281
=700  1\$aDudley, Mary Jo,$d1956-
=899  1\$aCULectures
=905  \\$a20000225120000.0
=948  2\$a20141221$bm$dbatch$elts$xaddfast

