=LDR  01462cim  22003732u 4500
=001  3600199
=005  20151214182520.0
=007  ss|lmnjluz|nuu
=008  991101s1986\\\\nyunnn\\\\\\\\\l\\\\eng\d
=035  \\$a(NIC)notisASF7264
=035  \\$a3600199
=035  \\$a(OCoLC)63895693
=040  \\$aNIC$cNIC$dNIC
=100  1\$aFuentes, Carlos.
=245  10$aLatin America and the West: historical origins and cultural contexts--#4: The West we knew$h[sound recording]
=260  \\$c1986.
=300  \\$a1 sound cassette (62 min.) :$banalog, mono.
=500  \\$aRecorded in Ithaca, NY by Cornell University.
=500  \\$aAccompanied by: Notes.
=500  \\$aSponsored by: Society for the Humanities.
=500  \\$aSpeaker(s): Fuentes is a noted Mexican author and critic.
=518  \\$aLecture, February 24, 1986.
=520  \\$aFuentes looks at the Spanish legacy of Latin America and the situation at the end of the 15th century and beginning of the 16th century.
=540  \\$aNo reproductions authorized.
=651  \0$aLatin America$xCivilization.
=651  \0$aLatin America$xHistory.
=651  \0$aLatin America$xPolitics and government.
=650  \7$aCivilization$2fast$0(OCoLC)fst00862898
=650  \7$aPolitical science$2fast$0(OCoLC)fst01069781
=651  \7$aLatin America$2fast$0(OCoLC)fst01245945
=655  \7$aHistory$2fast$0(OCoLC)fst01411628
=899  1\$aCULectures
=905  \\$a20000329120000.0
=948  2\$a20141221$bm$dbatch$elts$xaddfast

