=LDR  01759cim  22004212u 4500
=001  3600203
=005  20151214182521.0
=007  ss|lmnjluz|nuu
=008  991101s1986\\\\nyunnn\\\\\\\\\l\\\\eng\d
=035  \\$a(NIC)notisASF7268
=035  \\$a3600203
=035  \\$a(OCoLC)63895700
=040  \\$aNIC$cNIC$dNIC
=100  1\$aFuentes, Carlos.
=245  10$aLatin America and the West: historical origins and cultural contexts--#8: The revolutions of independence$h[sound recording]
=260  \\$c1986.
=300  \\$a1 sound cassette (46 min.) :$banalog, mono.
=500  \\$aRecorded in Ithaca, NY by Cornell University.
=500  \\$aAccompanied by: Notes.
=500  \\$aSponsored by: Society for the Humanities.
=500  \\$aSpeaker(s): Fuentes is a noted Mexican author and critic.
=518  \\$aLecture, March 31, 1986.
=520  \\$aFuentes describes the turmoil and reforms of 18th century Spain and how they contributed to a loss of power over Spanish lands in the New World, resulting in the wars leading to the independence of Latin America from Spain.
=540  \\$aNo reproductions authorized.
=651  \0$aLatin America$xCivilization.
=651  \0$aLatin America$xHistory.
=651  \0$aLatin America$xPolitics and government.
=651  \0$aSpain$xCivilization$y18th century.
=651  \0$aSpain$xHistory$xRevolution of American colonies.
=648  \7$a1700 - 1799$2fast
=650  \7$aCivilization$2fast$0(OCoLC)fst00862898
=650  \7$aPolitical science$2fast$0(OCoLC)fst01069781
=651  \7$aLatin America$2fast$0(OCoLC)fst01245945
=651  \7$aSpain$2fast$0(OCoLC)fst01204303
=655  \7$aHistory$2fast$0(OCoLC)fst01411628
=899  1\$aCULectures
=905  \\$a20000405120000.0
=948  2\$a20141221$bm$dbatch$elts$xaddfast

