=LDR  01316cim  22003252u 4500
=001  3600211
=005  20151214182524.0
=007  ss|lmnjluz|nuu
=008  991101s1986\\\\nyunnn\\\\\\\\\l\\\\eng\d
=035  \\$a(NIC)notisASF7276
=035  \\$a3600211
=035  \\$a(OCoLC)63895712
=040  \\$aNIC$cNIC$dNIC$dNIC
=100  1\$a{dotb}Hab{macr}ib{macr}i, Im{macr}il.
=245  14$aThe Palestinian as Israeli citizen$h[sound recording]
=260  \\$c1986.
=300  \\$a2 sound cassettes (100 min.) :$banalog, mono.
=500  \\$aRecorded in Ithaca, NY by Cornell University.
=500  \\$aSponsored by: Palestine Human Rights Committee (PHRC).
=500  \\$aSpeaker(s): Habiby is a founding member of the Palestinian Communist Party and editor- in-chief of the largest Arabic paper in Israel.
=518  \\$aLecture, October 29, 1986.
=520  \\$aHabiby traces the history of a systematic policy of the State of Israel from 1948 to the present of eliminating Arabs from Israel.
=650  \0$aPalestinian Arabs$yIsrael.
=651  \0$aIsrael$xPolitics and government.
=650  \7$aPalestinian Arabs$2fast$0(OCoLC)fst01051590
=650  \7$aPolitical science$2fast$0(OCoLC)fst01069781
=651  \7$aIsrael$2fast$0(OCoLC)fst01204236
=899  1\$aCULectures
=905  \\$a20000425120000.0
=948  2\$a20141221$bm$dbatch$elts$xaddfast

