=LDR  01285cim  22003492u 4500
=001  3600213
=005  20151214182524.0
=007  ss|lmnjluz|nuu
=008  991101s1986\\\\nyunnn\\\\\\\\\l\\\\eng\d
=035  \\$a(NIC)notisASF7278
=035  \\$a3600213
=035  \\$a(OCoLC)63895715
=040  \\$aNIC$cNIC$dNIC$dNIC
=100  1\$aKishwar, Madhu.
=245  14$aThe women's movement in India$h[sound recording]
=260  \\$c1986.
=300  \\$a2 sound cassettes (100 min.) :$banalog, mono.
=500  \\$aRecorded in Ithaca, NY by Cornell University.
=500  \\$aSponsored by: Cornell India Association.
=500  \\$aSpeaker(s): Editor of "Manushi".
=518  \\$aLecture, July 31, 1986.
=520  \\$aKishwar describes the goals and works of "Manushi," an Indian journal about women and society, and answers questions concerning civil rights problems in India.
=651  \0$aIndia$xSocial conditions.
=650  \0$aWomen's rights$zIndia.
=650  \0$aMinorities$zIndia.
=650  \7$aMinorities$2fast$0(OCoLC)fst01023088
=650  \7$aSocial history$2fast$0(OCoLC)fst01122498
=650  \7$aWomen's rights$2fast$0(OCoLC)fst01178818
=651  \7$aIndia$2fast$0(OCoLC)fst01210276
=899  1\$aCULectures
=905  \\$a20000414120000.0
=948  2\$a20141221$bm$dbatch$elts$xaddfast

