=LDR  01207cim  22003252u 4500
=001  3600236
=005  20151214182529.0
=007  ss|lmnjluz|nuu
=008  991101s1986\\\\nyunnn\\\\\\\\\l\\\\eng\d
=035  \\$a(NIC)notisASF7301
=035  \\$a3600236
=035  \\$a(OCoLC)63895750
=040  \\$aNIC$cNIC$dNIC$dNIC
=100  1\$aRodriguez, Ali.
=245  14$aThe situation in El Salvador$h[sound recording]
=260  \\$c1986.
=300  \\$a1 sound cassette (80 min.) :$banalog, mono.
=500  \\$aRecorded in Ithaca, NY by Cornell University.
=500  \\$aSponsored by: Education Against Oppression.
=500  \\$aSpeaker(s): Rodriquez was a trade unionist forced to flee El Salvador.
=518  \\$aLecture, April 7, 1986.
=520  \\$aUsing a translator, Rodriquez describes his own experiences of the current chaotic situation in El Salvador.
=651  \0$aEl Salvador$xPolitics and government.
=650  \0$aLabor unions$zEl Salvador.
=650  \7$aLabor unions$2fast$0(OCoLC)fst00990260
=650  \7$aPolitical science$2fast$0(OCoLC)fst01069781
=651  \7$aEl Salvador$2fast$0(OCoLC)fst01205530
=899  1\$aCULectures
=905  \\$a20000217120000.0
=948  2\$a20141221$bm$dbatch$elts$xaddfast

