=LDR  01241cim  22003252u 4500
=001  3600250
=005  20151214182531.0
=007  ss|lmnjluz|nuu
=008  991101s1987\\\\nyunnn\\\\\\\\\l\\\\eng\d
=035  \\$a(NIC)notisASF7315
=035  \\$a3600250
=035  \\$a(OCoLC)63895774
=040  \\$aNIC$cNIC$dNIC$dNIC
=100  1\$aJordanova, L. J.
=245  10$aNature unveiling before science: images of women and knowledge$h[sound recording]
=260  \\$c1987.
=300  \\$a1 sound cassette (65 min.) :$banalog, mono.
=500  \\$aRecorded in Ithaca, NY by Cornell University.
=500  \\$aSponsored by: Society for the Humanities,Women's Studies Program.
=518  \\$aLecture, May 1, 1987.
=520  \\$aJordanova formulates a correlation between the unveiling of women's bodies and actions in art, science and medicine.
=540  \\$aNo reproductions authorized.
=650  \0$aFeminine beauty (Aesthetics)
=650  \0$aWomen in art.
=650  \7$aFeminine beauty (Aesthetics)$2fast$0(OCoLC)fst00922652
=650  \7$aWomen in art$2fast$0(OCoLC)fst01177826
=830  \0$aWomen, science, and the body: discourses and representations.
=899  1\$aCULectures
=905  \\$a20000331120000.0
=948  2\$a20141221$bm$dbatch$elts$xaddfast

