=LDR  01314cim  22003252u 4500
=001  3600289
=005  20151214182537.0
=007  ss|lmnjluz|nuu
=008  991101s1987\\\\nyunnn\\\\\\\\\l\\\\eng\d
=035  \\$a(NIC)notisASF7354
=035  \\$a3600289
=035  \\$a(OCoLC)63895831
=040  \\$aNIC$cNIC$dNIC
=100  1\$aLowi, Theodore J.
=245  10$aWhat is there about the White House that makes its occupants want to do bad things?$h[sound recording]
=260  \\$c1987.
=300  \\$a1 sound cassette (86 min.) :$banalog, mono.
=500  \\$aRecorded in Ithaca, NY by Cornell University.
=500  \\$aSponsored by: Summer Session, Extramural Study, and Related Programs, Division of.
=500  \\$aSpeaker(s): Professor of Government, Cornell University.
=518  \\$aLecture, July 8, 1987.
=520  \\$aLowi argues that deception and bad policy making in the Executive Branch arise from the cold war culture and the plebiscitory presidency.
=651  \0$aUnited States$xPolitics and government.
=650  \0$aPresidents$zUnited States.
=650  \7$aPolitical science$2fast$0(OCoLC)fst01069781
=650  \7$aPresidents$2fast$0(OCoLC)fst01075723
=651  \7$aUnited States$2fast$0(OCoLC)fst01204155
=899  1\$aCULectures
=905  \\$a20000404120000.0
=948  2\$a20141221$bm$dbatch$elts$xaddfast

