=LDR  01149cim  22003132u 4500
=001  3600299
=005  20151214182538.0
=007  ss|lmnjluz|nuu
=008  991101s1985\\\\nyunnn\\\\\\\\\l\\\\eng\d
=035  \\$a(NIC)notisASF7364
=035  \\$a3600299
=035  \\$a(OCoLC)63895845
=040  \\$aNIC$cNIC$dNIC$dNIC
=100  1\$aSchwaetzer, Irmgard,$d1942-
=245  10$aWest German parties and their politics$h[sound recording]
=260  \\$c1985.
=300  \\$a1 sound cassette (60 min.) :$banalog, mono.
=500  \\$aRecorded in Ithaca, NY by Cornell University.
=500  \\$aAccompanied by: Notes.
=500  \\$aSponsored by: Western Societies Program.
=500  \\$aSpeaker(s): Member of the Free Democratic Party.
=518  \\$aLecture, October 30, 1985.
=520  \\$aAdan-Schaetzer discusses West German political parties and social political conditions in West Germany.
=651  \0$aGermany (West)$xPolitics and government.
=650  \7$aPolitical science$2fast$0(OCoLC)fst01069781
=651  \7$aGermany (West)$2fast$0(OCoLC)fst01210273
=899  1\$aCULectures
=905  \\$a20000403120000.0
=948  2\$a20141221$bm$dbatch$elts$xaddfast

