=LDR  01177cim  22003372u 4500
=001  3600322
=005  20151214182541.0
=007  ss|lmnjluz|nuu
=008  991101s1986\\\\nyunnn\\\\\\\\\l\\\\eng\d
=035  \\$a(NIC)notisASF7387
=035  \\$a3600322
=035  \\$a(OCoLC)63895874
=040  \\$aNIC$cNIC$dNIC$dNIC
=100  1\$aVlastos, Gregory.
=245  10$aSocratic rejection of the Lex talionis$h[sound recording]
=260  \\$c1986.
=300  \\$a1 sound cassette (60 min.) :$banalog, mono.
=500  \\$aRecorded in Ithaca, NY by Cornell University.
=500  \\$aAccompanied by: Text;Notes.
=500  \\$aSponsored by: Classics, Department of.
=518  \\$aLecture, April 1, 1986.
=520  \\$aVlastos describes the conflict between the views of Socrates and the Lex Talionis, the ancient doctrine of retaliation.
=600  00$aSocrates.
=650  \0$aPhilosophy, Ancient.
=650  \0$aLex talionis.
=600  07$aSocrates$2fast$0(OCoLC)fst00035600
=650  \7$aLex talionis$2fast$0(OCoLC)fst00997009
=650  \7$aPhilosophy, Ancient$2fast$0(OCoLC)fst01060860
=899  1\$aCULectures
=905  \\$a20000403120000.0
=948  2\$a20141221$bm$dbatch$elts$xaddfast

