=LDR  01240cim  22003132u 4500
=001  3600372
=005  20151214182550.0
=007  ss|lmnjluz|nuu
=008  991101s1988\\\\nyunnn\\\\\\\\\l\\\\eng\d
=035  \\$a(NIC)notisASF7437
=035  \\$a3600372
=035  \\$a(OCoLC)63895956
=040  \\$aNIC$cNIC$dNIC$dNIC
=100  1\$aKhan, Shoaib Sultan.
=245  10$aNew approaches to rural development participation: the Aga Khan Rural Support Program in Northern Pakistan$h[sound recording]
=260  \\$c1988.
=300  \\$a1 sound cassette (92 min.) :$banalog, mono.
=500  \\$aRecorded in Ithaca, NY by Cornell University.
=500  \\$aSponsored by: City and Regional Planning, Dept. of.
=518  \\$aLecture, January 29, 1988.
=520  \\$aKhan describes his efforts in coordinating the regional development of rural tribes in Northern Pakistan.
=650  \0$aAgricultural development projects$zPakistan.
=650  \0$aPakistan$xEconomic conditions.
=650  \7$aAgricultural development projects$2fast$0(OCoLC)fst00800659
=651  \7$aPakistan$2fast$0(OCoLC)fst01210275
=830  \0$aInternational studies in planning seminars.
=899  1\$aCULectures
=905  \\$a19991221120000.0
=948  2\$a20141221$bm$dbatch$elts$xaddfast

