=LDR  01349cim  22003612u 4500
=001  3600375
=005  20151214182551.0
=007  ss|lmnjluz|nuu
=008  991101s1988\\\\nyunnn\\\\\\\\\l\\\\eng\d
=035  \\$a(NIC)notisASF7440
=035  \\$a3600375
=035  \\$a(OCoLC)63895961
=040  \\$aNIC$cNIC$dNIC$dNIC
=100  1\$aLipstadt, Deborah E.
=245  14$aThe myth of the American Jewish princess$h[sound recording]
=260  \\$c1988.
=300  \\$a1 sound cassette (60 min.) :$banalog, mono.
=500  \\$aRecorded in Ithaca, NY by Cornell University.
=500  \\$aAccompanied by: Notes.
=500  \\$aSponsored by: Near Eastern Studies, Department of.
=500  \\$aSpeaker(s): Hebrew University Fellow.
=518  \\$aLecture, March 10, 1988.
=520  \\$aLipstadt discusses the Jewish American Princess stereotype as a socially sanctioned expression of anti-semitism.
=650  \0$aAntisemitism$zUnited States.
=650  \0$aStereotypes (Social psychology)
=650  \0$aSocial psychology.
=650  \7$aAntisemitism$2fast$0(OCoLC)fst00810769
=650  \7$aSocial psychology$2fast$0(OCoLC)fst01122816
=650  \7$aStereotypes (Social psychology)$2fast$0(OCoLC)fst01431521
=651  \7$aUnited States$2fast$0(OCoLC)fst01204155
=899  1\$aCULectures
=905  \\$a20000224120000.0
=948  2\$a20141221$bm$dbatch$elts$xaddfast

