=LDR  01570cim  22003612u 4500
=001  3600395
=005  20151214182555.0
=007  ss|lmnjluz|nuu
=008  991101s1988\\\\nyunnn\\\\\\\\\l\\\\eng\d
=035  \\$a(NIC)notisASF7460
=035  \\$a3600395
=035  \\$a(OCoLC)63895990
=040  \\$aNIC$cNIC$dNIC$dNIC
=100  1\$aVan Tienhoven, Ari.
=245  10$aStructuring the environment: selecting resources and utilizing technology$h[sound recording]
=260  \\$c1988.
=300  \\$a1 sound cassette (55 min.) :$banalog, mono.
=500  \\$aRecorded in Ithaca, NY by Cornell University.
=500  \\$aAccompanied by: Notes.
=500  \\$aSponsored by: Education, Department of,Office of Instruction, College of Agriculture and Life Sciences,Cornell Education Society.
=500  \\$aSpeaker(s): Professor Emeritus, Avian Physiology.
=518  \\$aLecture, March 14, 1988.
=520  \\$aTienhoven presents the concept of teaching through personal insights and techniques. He argues that teaching is a two-way street which requires critical thinkingfrom both teacher and student.
=650  \0$aEducation, Higher.
=650  \0$aTeacher-student relationships.
=650  \0$aEducational innovations.
=650  \7$aEducation, Higher$2fast$0(OCoLC)fst00903005
=650  \7$aEducational innovations$2fast$0(OCoLC)fst00903483
=650  \7$aTeacher-student relationships$2fast$0(OCoLC)fst01144236
=830  \0$aTeaching in a changing world: dilemmas and challenges.
=899  1\$aCULectures
=905  \\$a20000110120000.0
=948  2\$a20141221$bm$dbatch$elts$xaddfast

