=LDR  01146cim  22003012u 4500
=001  3600401
=005  20151214182555.0
=007  ss|lmnjluz|nuu
=008  991101s1986\\\\nyunnn\\\\\\\\\l\\\\eng\d
=035  \\$a(NIC)notisASF7466
=035  \\$a3600401
=035  \\$a(OCoLC)63895996
=040  \\$aNIC$cNIC$dNIC
=100  1\$aEhrenreich, Barbara.
=245  14$aThe feminist movement today: a historical perspective$h[sound recording]
=260  \\$c1986.
=300  \\$a1 sound cassette (80 min.) :$banalog, mono.
=500  \\$aRecorded in Ithaca, NY by Cornell University.
=500  \\$aSponsored by: Women's Studies Program,Telluride Association.
=518  \\$aLecture, March 10, 1986.
=520  \\$aEhrenreich talks about the gains women have made through the feminist movement but focuses mainly on the problems that women still face, particularly abortion, sexuality, and economic rights.
=650  \0$aFeminism.
=650  \0$aWomen's rights.
=650  \7$aFeminism$2fast$0(OCoLC)fst00922671
=650  \7$aWomen's rights$2fast$0(OCoLC)fst01178818
=899  1\$aCULectures
=905  \\$a19991201120000.0
=948  2\$a20141221$bm$dbatch$elts$xaddfast

