=LDR  01576cim  22003372u 4500
=001  3600414
=005  20151214182557.0
=007  ss|lmnjluz|nuu
=008  991101s1987\\\\nyunnn\\\\\\\\\l\\\\eng\d
=035  \\$a(NIC)notisASF7479
=035  \\$a3600414
=035  \\$a(OCoLC)63896017
=040  \\$aNIC$cNIC$dNIC$dNIC
=100  1\$aSalinger, Pierre.
=245  14$aThe dangerous realities of America's misperceptions of the world$h[sound recording]
=260  \\$c1987.
=300  \\$a1 sound cassette (88 min.) :$banalog, mono.
=500  \\$aRecorded in Ithaca, NY by Cornell University.
=500  \\$aAccompanied by: Notes.
=500  \\$aSponsored by: Center for International Studies,University Events (Public Affairs) Office of.
=500  \\$aSpeaker(s): The Henry E. and Nancy Horton Bartels World Affairs Fellow; ABC News Chief Foreign Correspondent, Paris; Former Press Secretary to Presidents John F. Kennedy and Lyndon B. Johnson.
=518  \\$aLecture, November 12, 1987.
=520  \\$aSalinger discusses his experiences as a news correspondent and his views regarding American foreign policy, including his encouragement for individuals to be involved and informed regarding current affairs.
=651  \0$aUnited States$xPolitics and government.
=651  \0$aUnited States$xForeign relations.
=650  \7$aDiplomatic relations$2fast$0(OCoLC)fst01907412
=650  \7$aPolitical science$2fast$0(OCoLC)fst01069781
=651  \7$aUnited States$2fast$0(OCoLC)fst01204155
=899  1\$aCULectures
=905  \\$a20000320120000.0
=948  2\$a20141221$bm$dbatch$elts$xaddfast

