=LDR  01294cim  22003372u 4500
=001  3600415
=005  20151214182558.0
=007  ss|lmnjluz|nuu
=008  991101s1987\\\\nyunnn\\\\\\\\\l\\\\eng\d
=035  \\$a(NIC)notisASF7480
=035  \\$a3600415
=035  \\$a(OCoLC)63896019
=040  \\$aNIC$cNIC$dNIC$dNIC
=100  1\$aSalo, Arvo.
=245  14$aThe autonomy of the arts and the administration of culture$h[sound recording]
=260  \\$c1987.
=300  \\$a1 sound cassette (77 min.) :$banalog, mono.
=500  \\$aRecorded in Ithaca, NY by Cornell University.
=500  \\$aAccompanied by: Notes.
=500  \\$aSponsored by: Western Societies Program.
=500  \\$aSpeaker(s): Mellon Visiting Fellow of the Western Societies Program; Finnish journalist, dramatist, poet, and politician; Artist-Professor at the University of Finland.
=518  \\$aLecture, September 25, 1987.
=520  \\$aSalo discusses the state supported art system in Finland.
=650  \0$aArts, Finnish.
=650  \0$aArts$xManagement$zFinland.
=650  \7$aArts, Finnish$2fast$0(OCoLC)fst00818015
=650  \7$aArts$xManagement$2fast$0(OCoLC)fst00817771
=651  \7$aFinland$2fast$0(OCoLC)fst01205503
=899  1\$aCULectures
=905  \\$a20000121120000.0
=948  2\$a20141221$bm$dbatch$elts$xaddfast

