=LDR  01414cim  22003132u 4500
=001  3600419
=005  20151214182558.0
=007  ss|lmnjluz|nuu
=008  991101s1987\\\\nyunnn\\\\\\\\\l\\\\eng\d
=035  \\$a(NIC)notisASF7484
=035  \\$a3600419
=035  \\$a(OCoLC)63896024
=040  \\$aNIC$cNIC$dNIC$dNIC
=100  1\$aSalpeter, Edwin E. 
=245  12$aA university physicist and the pentagon: consulting for the military in the 60's$h[sound recording]
=260  \\$c1987.
=300  \\$a2 sound cassettes (85 min.) :$banalog, mono.
=500  \\$aRecorded in Ithaca, NY by Cornell University.
=500  \\$aSponsored by: Science, Technology and Society, Program on,Society for Awareness in Science (SAS).
=500  \\$aSpeaker(s): Saltpeter is the James Gilbert White Distinguished Professor in the Physical Sciences and has been a member of the President's Scientific Advisory Committee and Director of the Center for Radiophysics and Space Research.
=518  \\$aLecture, October 28, 1987.
=520  \\$aSaltpeter describes his involvement in scietific consultation regarding government military projects.
=650  \0$aMilitary research.
=650  \0$aScientists in government.
=650  \7$aMilitary research$2fast$0(OCoLC)fst01021439
=650  \7$aScientists in government$2fast$0(OCoLC)fst01108944
=899  1\$aCULectures
=905  \\$a20000320120000.0
=948  2\$a20141221$bm$dbatch$elts$xaddfast

