=LDR  01114cim  22002892u 4500
=001  3600420
=005  20151214182558.0
=007  ss|lmnjluz|nuu
=008  991101s1987\\\\nyunnn\\\\\\\\\l\\\\eng\d
=035  \\$a(NIC)notisASF7485
=035  \\$a3600420
=035  \\$a(OCoLC)63896026
=040  \\$aNIC$cNIC$dNIC$dNIC
=100  1\$aWeizs{uml}acker, Carl Friedrich,$cFreiherr von,$d1912-2007.
=245  10$aIdeas on the philosophy of science$h[sound recording]
=260  \\$c1987.
=300  \\$a1 sound cassette (80 min.) :$banalog, mono.
=500  \\$aRecorded in Ithaca, NY by Cornell University.
=500  \\$aSpeaker(s): Professor emeritus of physics and philosophy, Universities of Munich and Hamburg.
=518  \\$aLecture, November 17, 1987.
=520  \\$aVon Weizsacker explains his personal view of philosophy and the philosophy of science.
=650  \0$aPhilosophy and science.
=650  \7$aPhilosophy and science$2fast$0(OCoLC)fst01060832
=830  \0$aPhilosophical and political consequences of modern science.
=899  1\$aCULectures
=905  \\$a20000403120000.0
=948  2\$a20141221$bm$dbatch$elts$xaddfast

