=LDR  01423cim  22003372u 4500
=001  3600428
=005  20151214182559.0
=007  ss|lmnjluz|nuu
=008  991101s1987\\\\nyunnn\\\\\\\\\l\\\\eng\d
=035  \\$a(NIC)notisASF7493
=035  \\$a3600428
=035  \\$a(OCoLC)63896039
=040  \\$aNIC$cNIC$dNIC$dNIC
=100  1\$aWeizs{uml}acker, Carl Friedrich,$cFreiherr von,$d1912-2007.
=245  10$aPolitical and moral consequences of science$h[sound recording]
=260  \\$c1987.
=300  \\$a1 sound cassette (80 min.) :$banalog, mono.
=500  \\$aRecorded in Ithaca, NY by Cornell University.
=500  \\$aSponsored by: Western Societies Program.
=500  \\$aSpeaker(s): Professor of physics and philosophy, Universities of Munich and Hamburg.
=518  \\$aLecture, November 20, 1987.
=520  \\$aWeizsacker holds that scientists should feel responsible for the social, political and ecological consequences of modern science and technology and should act accordingly.
=650  \0$aScience$xSocial aspects.
=650  \0$aScience$xMoral and ethical aspects.
=650  \7$aScience$xMoral and ethical aspects$2fast$0(OCoLC)fst01108321
=650  \7$aScience$xSocial aspects$2fast$0(OCoLC)fst01108360
=830  \0$aPhilosophical and political consequences of modern science.
=830  \0$aMessenger lectures.
=899  1\$aCULectures
=905  \\$a20000403120000.0
=948  2\$a20141221$bm$dbatch$elts$xaddfast

