=LDR  01182cim  22003252u 4500
=001  3600435
=005  20151214182600.0
=007  ss|lmnjluz|nuu
=008  991101s1987\\\\nyunnn\\\\\\\\\l\\\\eng\d
=035  \\$a(NIC)notisASF7500
=035  \\$a3600435
=035  \\$a(OCoLC)63896052
=040  \\$aNIC$cNIC$dNIC$dNIC
=100  1\$aOtto, Christian F.
=245  10$aNeumann--presence and history$h[sound recording]
=260  \\$c1987.
=300  \\$a1 sound cassette (72 min.) :$banalog, mono.
=500  \\$aRecorded in Ithaca, NY by Cornell University.
=500  \\$aSponsored by: Architecture, Department of.
=500  \\$aSpeaker(s): Professor, History of Architecture, Cornell University.
=518  \\$aLecture, November 5, 1987.
=520  \\$aOtto traces the history of Neumann's various architectural endeavors.
=600  10$aNeumann, Balthasar,$d1687-1753.
=650  \0$aArchitecture, Baroque.
=600  17$aNeumann, Balthasar,$d1687-1753$2fast$0(OCoLC)fst00088477
=650  \7$aArchitecture, Baroque$2fast$0(OCoLC)fst00813624
=830  \0$aPreston H. Thomas memorial lectures.
=899  1\$aCULectures
=905  \\$a20000403120000.0
=948  2\$a20141221$bm$dbatch$elts$xaddfast

