=LDR  01351cim  22003492u 4500
=001  3600457
=005  20151214182604.0
=007  ss|lmnjluz|nuu
=008  991101s1987\\\\nyunnn\\\\\\\\\l\\\\eng\d
=035  \\$a(NIC)notisASF7522
=035  \\$a3600457
=035  \\$a(OCoLC)63896083
=040  \\$aNIC$cNIC$dNIC$dNIC
=100  1\$aTurner, Judith.
=245  10$aAnnotations on ambiguity$h[sound recording]
=260  \\$c1987.
=300  \\$a1 sound cassette (75 min.) :$banalog, mono.
=500  \\$aRecorded in Ithaca, NY by Cornell University.
=500  \\$aSponsored by: Art, Department of,Council on the Creative and Performing Arts.
=500  \\$aSpeaker(s): Turner is a professional photographer.
=518  \\$aLecture, November 13, 1987.
=520  \\$aTurner discusses her slides which show different aspects of interior design.
=650  \0$aPhotography, Artistic.
=650  \0$aArchitectural photography.
=650  \7$aArchitectural photography$2fast$0(OCoLC)fst00813301
=650  \7$aPhotography, Artistic$2fast$0(OCoLC)fst01061964
=830  \0$aNew York State capital in Albany: preservation, planning, architectural history, and photography.
=830  \0$aNancy G. Dickenson visiting artist lectures.
=899  1\$aCULectures
=905  \\$a20000331120000.0
=948  2\$a20141221$bm$dbatch$elts$xaddfast
=948  2\$a20150817$bm$dpm66$elts

