=LDR  00982cim  22003012u 4500
=001  3600470
=005  20151214182606.0
=007  ss|lmnjluz|nuu
=008  991101s1987\\\\nyunnn\\\\\\\\\l\\\\eng\d
=035  \\$a(NIC)notisASF7535
=035  \\$a3600470
=035  \\$a(OCoLC)63896100
=040  \\$aNIC$cNIC$dNIC$dNIC
=100  1\$aKaroniaktatie.
=245  13$aAn evening with two Mohawk poets$h[sound recording]
=260  \\$c1987.
=300  \\$a2 sound cassettes (95 min.) :$banalog, mono.
=500  \\$aRecorded in Ithaca, NY by Cornell University.
=500  \\$aSponsored by: American Indian Program.
=518  \\$aReading, November 11, 1987.
=520  \\$aTwo native American Indian poets read from their works.
=650  \0$aMohawk Indians$xPoetry.
=650  \7$aMohawk Indians$2fast$0(OCoLC)fst01024566
=655  \7$aPoetry$2fast$0(OCoLC)fst01423828
=700  1\$aRokwaho,$d1953-
=899  1\$aCULectures
=905  \\$a20000329120000.0
=948  2\$a20141221$bm$dbatch$elts$xaddfast

