=LDR  01367cim  22003372u 4500
=001  3600474
=005  20151214182607.0
=007  ss|lmnjluz|nuu
=008  991101s1987\\\\nyunnn\\\\\\\\\l\\\\eng\d
=035  \\$a(NIC)notisASF7539
=035  \\$a3600474
=035  \\$a(OCoLC)63896107
=040  \\$aNIC$cNIC$dNIC$dNIC
=100  1\$aHart, Gary,$d1936-
=245  10$aAmerica's third century:  an agenda for reform$h[sound recording]
=260  \\$c1987.
=300  \\$a1 sound cassette (70 min.) :$banalog, mono.
=500  \\$aRecorded in Ithaca, NY by Cornell University.
=500  \\$aAccompanied by: Notes.
=500  \\$aSponsored by: Cornell University Program Board.
=500  \\$aSpeaker(s): United States Senator (Dem.- Colorado); former presidential candidate.
=518  \\$aLecture, November 16, 1987.
=520  \\$aHart discusses the importance of politics in everyone's lives and calls for a theme of excellence in the country's education, domestic spending, foreign policy and outlook for the future.
=651  \0$aUnited States$xPolitics and government.
=650  \0$aPolitical oratory.
=650  \7$aPolitical oratory$2fast$0(OCoLC)fst01069380
=650  \7$aPolitical science$2fast$0(OCoLC)fst01069781
=651  \7$aUnited States$2fast$0(OCoLC)fst01204155
=899  1\$aCULectures
=905  \\$a20000301120000.0
=948  2\$a20141221$bm$dbatch$elts$xaddfast

