=LDR  01579cim  22003612u 4500
=001  3600492
=005  20151214182611.0
=007  ss|lmnjluz|nuu
=008  991101s1987\\\\nyunnn\\\\\\\\\l\\\\eng\d
=035  \\$a(NIC)notisASF7557
=035  \\$a3600492
=035  \\$a(OCoLC)63896138
=040  \\$aNIC$cNIC$dNIC$dNIC
=100  1\$aKahane, Meir.
=245  10$aMeir Kahane speaks at Cornell$h[sound recording]
=260  \\$c1987.
=300  \\$a2 sound cassettes (111 min.) :$banalog, mono.
=500  \\$aRecorded in Ithaca, NY by Cornell University.
=500  \\$aAccompanied by: Notes.
=500  \\$aSponsored by: Jewish Awareness Network,Cornell Political Forum.
=500  \\$aSpeaker(s): Member of the Israeli Knesset.
=518  \\$aLecture, November 9, 1987.
=520  \\$aKahane tells stories of Jews being killed in Israel, stories which he claims are never heard in the popular press.  He speaks of a contradiction between zionism and Western democracy noting that the development of a Jewish state necessitates a locale with a majority of Jews.  This, he says, is contrary to democracy which relies on numerical superiority to define the "majority".
=651  \0$aIsrael$xForeign relations.
=650  \0$aZionism.
=650  \0$aJews$xTerritorialism.
=650  \7$aDiplomatic relations$2fast$0(OCoLC)fst01907412
=650  \7$aJews$xTerritorialism$2fast$0(OCoLC)fst00983381
=650  \7$aZionism$2fast$0(OCoLC)fst01184468
=651  \7$aIsrael$2fast$0(OCoLC)fst01204236
=899  1\$aCULectures
=905  \\$a20000425120000.0
=948  2\$a20141221$bm$dbatch$elts$xaddfast

