=LDR  01294cim  22003372u 4500
=001  3600496
=005  20151214182611.0
=007  ss|lmnjluz|nuu
=008  991101s1986\\\\nyunnn\\\\\\\\\l\\\\eng\d
=035  \\$a(NIC)notisASF7561
=035  \\$a3600496
=035  \\$a(OCoLC)63896143
=040  \\$aNIC$cNIC$dNIC$dNIC
=100  1\$aVlastos, Gregory.
=245  10$aSocrates' contra Socrates' in Plato$h[sound recording]
=260  \\$c1986.
=300  \\$a1 sound cassette (70 min.) :$banalog, mono.
=500  \\$aRecorded in Ithaca, NY by Cornell University.
=500  \\$aSponsored by: Classics, Department of.
=518  \\$aLecture, February 25, 1986.
=520  \\$aVlastos claims that there are two different Socrates, one which might be called "historical" and the other which might be called "philosophical". He asserts that the "second" Socrates is prevalent in Plato's writings.
=600  00$aSocrates.
=600  00$aPlato.
=650  \0$aPhilosophy, Ancient.
=600  07$aPlato$2fast$0(OCoLC)fst00046610
=600  07$aSocrates$2fast$0(OCoLC)fst00035600
=650  \7$aPhilosophy, Ancient$2fast$0(OCoLC)fst01060860
=830  \0$aCornell studies in classical philology.$pTownsend lectures.
=899  1\$aCULectures
=905  \\$a20000404120000.0
=948  2\$a20141221$bm$dbatch$elts$xaddfast

