=LDR  01265cim  22003612u 4500
=001  3600509
=005  20151214182614.0
=007  ss|lmnjluz|nuu
=008  991101s1986\\\\nyunnn\\\\\\\\\l\\\\eng\d
=035  \\$a(NIC)notisASF7574
=035  \\$a3600509
=035  \\$a(OCoLC)63896164
=040  \\$aNIC$cNIC$dNIC$dNIC
=100  1\$aSaid, Edward W. 
=245  10$aCulture and imperialism: domination, future-style$h[sound recording]
=260  \\$c1986.
=300  \\$a1 sound cassette (85 min.) :$banalog, mono.
=500  \\$aRecorded in Ithaca, NY by Cornell University.
=518  \\$aLecture, February 11, 1986.
=520  \\$aSaid explains the history, current perspective, and impact of colonialism and imperialism.
=540  \\$aNo reproductions authorized.
=650  \0$aImperialism.
=650  \0$aWorld politics.
=651  \0$aGreat Britain$xForeign relations.
=650  \7$aDiplomatic relations$2fast$0(OCoLC)fst01907412
=650  \7$aImperialism$2fast$0(OCoLC)fst00968126
=650  \7$aWorld politics$2fast$0(OCoLC)fst01181381
=651  \7$aGreat Britain$2fast$0(OCoLC)fst01204623
=830  \0$aCulture and imperialism.
=830  \0$aMessenger lectures.
=899  1\$aCULectures
=905  \\$a20000320120000.0
=948  2\$a20141221$bm$dbatch$elts$xaddfast

