=LDR  01386cim  22003852u 4500
=001  3600510
=005  20151214182614.0
=007  ss|lmnjluz|nuu
=008  991101s1986\\\\nyunnn\\\\\\\\\l\\\\eng\d
=035  \\$a(NIC)notisASF7575
=035  \\$a3600510
=035  \\$a(OCoLC)63896166
=040  \\$aNIC$cNIC$dNIC$dNIC
=100  1\$aSaid, Edward W. 
=245  10$aCulture and imperialism: opposition and resistance$h[sound recording]
=260  \\$c1986.
=300  \\$a1 sound cassette (60 min.) :$banalog, mono.
=500  \\$aRecorded in Ithaca, NY by Cornell University.
=518  \\$aLecture, February 10, 1986.
=520  \\$aSaid describes the political and cultural subjugation of non-Western culture and explains changes in the nature of imperialism.
=540  \\$aNo reproductions authorized.
=650  \0$aCulture.
=650  \0$aImperialism.
=650  \0$aBritish literature.
=651  \0$aGreat Britain$xForeign relations.
=650  \7$aBritish literature$2fast$0(OCoLC)fst00839082
=650  \7$aCulture$2fast$0(OCoLC)fst00885059
=650  \7$aDiplomatic relations$2fast$0(OCoLC)fst01907412
=650  \7$aImperialism$2fast$0(OCoLC)fst00968126
=651  \7$aGreat Britain$2fast$0(OCoLC)fst01204623
=830  \0$aCulture and imperialism.
=830  \0$aMessenger lectures.
=899  1\$aCULectures
=905  \\$a20000320120000.0
=948  2\$a20141221$bm$dbatch$elts$xaddfast

