=LDR  01178cim  22003492u 4500
=001  3600511
=005  20151214182614.0
=007  ss|lmnjluz|nuu
=008  991101s1986\\\\nyunnn\\\\\\\\\l\\\\eng\d
=035  \\$a(NIC)notisASF7576
=035  \\$a3600511
=035  \\$a(OCoLC)63896167
=040  \\$aNIC$cNIC$dNIC$dNIC
=100  1\$aSaid, Edward W.
=245  10$aCulture and imperialism: consolidated vision$h[sound recording]
=260  \\$c1986.
=300  \\$a1 sound cassette (90 min.) :$banalog, mono.
=500  \\$aRecorded in Ithaca, NY by Cornell University.
=518  \\$aLecture, February 7, 1986.
=520  \\$aSaid describes the "imperialist vision" as it is manifested in culture, especialy in literature.
=540  \\$aNo reproductions authorized.
=650  \0$aCulture.
=650  \0$aImperialism.
=650  \0$aBritish literature.
=650  \7$aBritish literature$2fast$0(OCoLC)fst00839082
=650  \7$aCulture$2fast$0(OCoLC)fst00885059
=650  \7$aImperialism$2fast$0(OCoLC)fst00968126
=830  \0$aCulture and imperialism.
=830  \0$aMessenger lectures.
=899  1\$aCULectures
=905  \\$a20000320120000.0
=948  2\$a20141221$bm$dbatch$elts$xaddfast

