=LDR  01223cim  22003492u 4500
=001  3600512
=005  20151214182614.0
=007  ss|lmnjluz|nuu
=008  991101s1986\\\\nyunnn\\\\\\\\\l\\\\eng\d
=035  \\$a(NIC)notisASF7577
=035  \\$a3600512
=035  \\$a(OCoLC)63896169
=040  \\$aNIC$cNIC$dNIC$dNIC
=100  1\$aRandel, Don Michael
=245  10$aDefining music$h[sound recording]
=260  \\$c1986.
=300  \\$a1 sound cassette (78 min.) :$banalog, mono.
=500  \\$aRecorded in Ithaca, NY by Cornell University.
=500  \\$aSponsored by: Society for the Humanities.
=518  \\$aLecture, February 19, 1986.
=520  \\$aRandel explains how musicologists define "Western art music" and mentions some of the problems scholars have with music definition.
=540  \\$aNo reproductions authorized.
=650  \0$aMusic$xTerminology.
=650  \0$aMusic.
=650  \0$aMusicology$vPeriodicals.
=650  \7$aMusic$2fast$0(OCoLC)fst01030269
=650  \7$aMusicology$2fast$0(OCoLC)fst01030893
=655  \7$aPeriodicals$2fast$0(OCoLC)fst01411641
=655  \7$aTerminology$2fast$0(OCoLC)fst01423880
=899  1\$aCULectures
=905  \\$a20000114120000.0
=948  2\$a20141221$bm$dbatch$elts$xaddfast

