=LDR  01514cim  22003732u 4500
=001  3600513
=005  20151214182614.0
=007  ss|lmnjluz|nuu
=008  991101s1986\\\\nyunnn\\\\\\\\\l\\\\eng\d
=035  \\$a(NIC)notisASF7578
=035  \\$a3600513
=035  \\$a(OCoLC)63896171
=040  \\$aNIC$cNIC$dNIC$dNIC
=100  1\$aMcCleary, Peter.
=245  14$aThe metamorphosis of perception through production$h[sound recording]
=260  \\$c1986.
=300  \\$a1 sound cassette (80 min.) :$banalog, mono.
=500  \\$aRecorded in Ithaca, NY by Cornell University.
=500  \\$aSponsored by: History and Philosophy of Science and Technology, Program in the.
=518  \\$aLecture, February 19, 1986.
=520  \\$aMcCleary discusses technology, emphasizing architecture, and its interaction with society.  He proposes that experience and knowledge of the world is through "levels of mediation with the physical world".
=540  \\$aNo reproductions authorized.
=650  \0$aArchitecture and society.
=650  \0$aTechnology$xSocial aspects.
=650  \0$aExistentialism.
=650  \0$aPhilosophy, Modern$y20th century.
=648  \7$a1900 - 1999$2fast
=650  \7$aArchitecture and society$2fast$0(OCoLC)fst00813574
=650  \7$aExistentialism$2fast$0(OCoLC)fst00918204
=650  \7$aPhilosophy, Modern$2fast$0(OCoLC)fst01061071
=650  \7$aTechnology$xSocial aspects$2fast$0(OCoLC)fst01145202
=899  1\$aCULectures
=905  \\$a20000119120000.0
=948  2\$a20141221$bm$dbatch$elts$xaddfast

