=LDR  01337cim  22003852u 4500
=001  3600516
=005  20151214182615.0
=007  ss|lmnjluz|nuu
=008  991101s1986\\\\nyunnn\\\\\\\\\l\\\\eng\d
=035  \\$a(NIC)notisASF7581
=035  \\$a3600516
=035  \\$a(OCoLC)63896174
=040  \\$aNIC$cNIC$dNIC$dNIC$dNIC
=100  1\$aVlastos, Gregory.
=245  10$aSocratic irony$h[sound recording]
=260  \\$c1986.
=300  \\$a1 sound cassette (60 min.) :$banalog, mono.
=500  \\$aRecorded in Ithaca, NY by Cornell University.
=500  \\$aAccompanied by: Notes.
=500  \\$aSponsored by: Classics, Department of.
=518  \\$aLecture, February 28, 1986.
=520  \\$aVlastos discusses and defines common uses of irony by referring to the classical works of Aristotle and Socrates.
=540  \\$aNo reproductions authorized.
=650  \0$aIrony.
=650  \0$aIrony in literature.
=600  00$aSocrates.
=600  00$aAristotle.
=600  07$aAristotle$2fast$0(OCoLC)fst00029885
=600  07$aSocrates$2fast$0(OCoLC)fst00035600
=650  \7$aIrony$2fast$0(OCoLC)fst00979386
=650  \7$aIrony in literature$2fast$0(OCoLC)fst00979394
=830  \0$aCornell studies in classical philology.$pTownsend lectures.
=899  1\$aCULectures
=905  \\$a20000313120000.0
=948  2\$a20141221$bm$dbatch$elts$xaddfast

