=LDR  01449cim  22003852u 4500
=001  3600525
=005  20151214182617.0
=007  ss|lmnjluz|nuu
=008  991101s1987\\\\nyunnn\\\\\\\\\l\\\\eng\d
=035  \\$a(NIC)notisASF7590
=035  \\$a3600525
=035  \\$a(OCoLC)63896187
=040  \\$aNIC$cNIC$dNIC$dNIC
=100  1\$aO'Hara, Maureen.
=245  10$aDatabase or cultural treasury -- the crucial balance, Cornell University Libraries in the year 2000$h[sound recording]
=260  \\$c1987.
=300  \\$a1 sound cassette (55 min.) :$banalog, mono.
=500  \\$aRecorded in Ithaca, NY by Cornell University.
=500  \\$aAccompanied by: Notes.
=500  \\$aSponsored by: University Library.
=500  \\$aSpeaker(s): Seznec acts as moderator.
=518  \\$aPanel, October 24, 1987.
=520  \\$aThe three speakers discussed the need for modifications within the various libraries on campus.
=650  \0$aAcademic libraries$xAims and objectives.
=650  \0$aAcademic libraries$xSelf-evaluation.
=610  20$aCornell University$xLibraries.
=610  27$aCornell University$2fast$0(OCoLC)fst00530369
=650  \7$aAcademic libraries$xAims and objectives$2fast$0(OCoLC)fst00795010
=650  \7$aLibraries$2fast$0(OCoLC)fst00997341
=700  1\$aSeznec, Alain
=700  1\$aMermin, N. David.
=700  1\$aRandel, Don Michael
=899  1\$aCULectures
=905  \\$a20000314120000.0
=948  2\$a20141221$bm$dbatch$elts$xaddfast

