=LDR  01725cim  22004332u 4500
=001  3600526
=005  20151214182618.0
=007  ss|lmnjluz|nuu
=008  991101s1987\\\\nyunnn\\\\\\\\\l\\\\eng\d
=035  \\$a(NIC)notisASF7591
=035  \\$a3600526
=035  \\$a(OCoLC)63896188
=040  \\$aNIC$cNIC$dNIC$dNIC
=100  1\$aOtto, Christian.
=245  10$aFascism and architecture$h[sound recording]
=260  \\$c1987.
=300  \\$a1 sound cassette (71 min.) :$banalog, mono.
=500  \\$aRecorded in Ithaca, NY by Cornell University.
=500  \\$aAccompanied by: Notes.
=500  \\$aSponsored by: German Literature, Department of,Society for the Humanities.
=500  \\$aSpeaker(s): Professor of architecture, Cornell.
=518  \\$aLecture, October 18, 1987.
=520  \\$aOtto addresses the relationship between fascism and architecture, focusing on the single case study of the 1927 Stuttgart architectural exhibition.  He suggests that architecture held an obsessive importance for the Nazis.
=650  \0$aArchitecture$zGerman.
=650  \0$aArchitecture and society.
=650  \0$aNational socialism.
=650  \0$aFascism.
=651  \0$aGermany$xPolitics and government$y1933-1945.
=648  \7$a1933 - 1945$2fast
=650  \7$aArchitecture$2fast$0(OCoLC)fst00813346
=650  \7$aArchitecture and society$2fast$0(OCoLC)fst00813574
=650  \7$aFascism$2fast$0(OCoLC)fst00921551
=650  \7$aNational socialism$2fast$0(OCoLC)fst01033761
=650  \7$aPolitical science$2fast$0(OCoLC)fst01069781
=651  \7$aGermany$2fast$0(OCoLC)fst01210272
=830  \0$aFascism and German culture.
=899  1\$aCULectures
=905  \\$a20000119120000.0
=948  2\$a20141221$bm$dbatch$elts$xaddfast

