=LDR  01491cim  22003732u 4500
=001  3600545
=005  20151214182623.0
=007  ss|lmnjluz|nuu
=008  991101s1988\\\\nyunnn\\\\\\\\\l\\\\eng\d
=035  \\$a(NIC)notisASF7610
=035  \\$a3600545
=035  \\$a(OCoLC)63896221
=040  \\$aNIC$cNIC$dNIC
=100  1\$aAli, Tariq.
=245  10$aReshaping British consciousness$h[sound recording]
=260  \\$c1988.
=300  \\$a1 sound cassette (21 min.) :$banalog, mono.
=500  \\$aRecorded in Ithaca, NY by Cornell University.
=500  \\$aAccompanied by: Notes.
=500  \\$aSponsored by: Western Societies Program,Cornell Cinema,Council on the Creative and Performing Arts,Society for the Humanities,Arts College Dean's Fund,Near Eastern Studies, Department of.
=500  \\$aSpeaker(s): Ali is a director with Banden (film) Productions.
=518  \\$aLecture, February 28, 1988.
=520  \\$aAli discusses changes in British intellectual life since the decline of the British Empire.
=651  \0$aEurope$xEthnic relations.
=651  \0$aGreat Britain$xEthnic relations.
=650  \0$aMinorities.
=650  \7$aEthnic relations$2fast$0(OCoLC)fst00916005
=650  \7$aMinorities$2fast$0(OCoLC)fst01023088
=651  \7$aEurope$2fast$0(OCoLC)fst01245064
=651  \7$aGreat Britain$2fast$0(OCoLC)fst01204623
=830  \0$aNew ethnic minorities in European culture.
=899  1\$aCULectures
=905  \\$a20000112120000.0
=948  2\$a20141221$bm$dbatch$elts$xaddfast

