=LDR  01606cim  22003852u 4500
=001  3600554
=005  20151214182625.0
=007  ss|lmnjluz|nuu
=008  991101s1988\\\\nyunnn\\\\\\\\\l\\\\eng\d
=035  \\$a(NIC)notisASF7619
=035  \\$a3600554
=035  \\$a(OCoLC)63896234
=040  \\$aNIC$cNIC$dNIC$dNIC
=100  1\$aChavez, Cesar,$d1927-1993.
=245  14$aThe wrath of grapes$h[sound recording]
=260  \\$c1988.
=300  \\$a1 sound cassette (75 min.) :$banalog, mono.
=500  \\$aRecorded in Ithaca, NY by Cornell University.
=500  \\$aAccompanied by: Notes.
=500  \\$aSponsored by: Mexican American Student Association.
=500  \\$aSpeaker(s): Founder and President, United Farmworkers Union.
=518  \\$aLecture, March 3, 1988.
=520  \\$aChavez presents the movement of the United Farm Workers to boycott California grapes due to the alleged use of pesticides and unfair labor practices by growers.
=650  \0$aAgricultural laborers$zUnited States.
=650  \0$aAgricultural laborers$xLabor unions.
=650  \0$aMexican American agricultural laborers.
=650  \0$aDiscrimination in employment$zUnited States.
=650  \7$aAgricultural laborers$2fast$0(OCoLC)fst00800949
=650  \7$aAgricultural laborers$xLabor unions$2fast$0(OCoLC)fst00800972
=650  \7$aDiscrimination in employment$2fast$0(OCoLC)fst00895050
=650  \7$aMexican American agricultural laborers$2fast$0(OCoLC)fst01018925
=651  \7$aUnited States$2fast$0(OCoLC)fst01204155
=899  1\$aCULectures
=905  \\$a20000310120000.0
=948  2\$a20141221$bm$dbatch$elts$xaddfast

