=LDR  02159cim  22004692u 4500
=001  3600575
=005  20151214182628.0
=007  ss|lmnjluz|nuu
=008  991101s1988\\\\nyunnn\\\\\\\\\l\\\\eng\d
=035  \\$a(NIC)notisASF7640
=035  \\$a3600575
=035  \\$a(OCoLC)63896267
=040  \\$aNIC$cNIC$dNIC        $dNIC
=100  1\$aAli, Tariq.
=245  10$a"Sammy and Rosie Get Laid": a round-table discussion of the film$h[sound recording]
=260  \\$c1988.
=300  \\$a1 sound cassette (70 min.) :$banalog, mono.
=500  \\$aRecorded in Ithaca, NY by Cornell University.
=500  \\$aAccompanied by: Notes.
=500  \\$aSponsored by: Western Societies Program,Cornell Cinema,Council on the Creative and Performing Arts,Society for the Humanities,Arts College Dean's Fund,Near Eastern Studies, Department of.
=500  \\$aSpeaker(s): Tarig Ali is a director with Banden Productions. Wanda Bershen is a programmer with CUNY T.V., New York.  Anthony Caputi is a Cornell professor of Comparative Literature.  Richard Herskowitz is the director of Cornell Cinema. Satya P. Mohanty is a Cornell English professor and a 1988 Society for the Humanities fellow.
=518  \\$aPanel, February 26, 1988.
=520  \\$aThe panel discusses the British response to "Sammy and Rosie Get Laid".
=651  \0$aEurope$xEthnic relations.
=650  \0$aMinorities.
=651  \0$aGreat Britain$xEthnic relations.
=650  \0$aFilm criticism.
=651  \0$aGreat Britain$xIn motion pictures.
=650  \7$aEthnic relations$2fast$0(OCoLC)fst00916005
=650  \7$aFilm criticism$2fast$0(OCoLC)fst00924259
=650  \7$aMinorities$2fast$0(OCoLC)fst01023088
=650  \7$aMotion pictures$2fast$0(OCoLC)fst01027285
=651  \7$aEurope$2fast$0(OCoLC)fst01245064
=651  \7$aGreat Britain$2fast$0(OCoLC)fst01204623
=700  1\$aMohanty, Satya P.$q(Satya Prakash),$d1954-
=700  1\$aHerskowitz, Richard.
=700  1\$aCaputi, Anthony Francis,$d1924-
=700  1\$aBershen, Wanda.
=830  \0$aNew ethnic minorities in European culture.
=899  1\$aCULectures
=905  \\$a20000309120000.0
=948  2\$a20141221$bm$dbatch$elts$xaddfast

