=LDR  01732cim  22003972u 4500
=001  3600593
=005  20151214182631.0
=007  ss|lmnjluz|nuu
=008  991101s1988\\\\nyunnn\\\\\\\\\l\\\\eng\d
=035  \\$a(NIC)notisASF7658
=035  \\$a3600593
=035  \\$a(OCoLC)63896298
=040  \\$aNIC$cNIC$dNIC$dNIC
=100  1\$aMaksoud, Clovis.
=245  10$aFuture of peace in the middle east:  an arab perspective$h[sound recording]
=260  \\$c1988.
=300  \\$a1 sound cassette (80 min.) :$banalog, mono.
=500  \\$aRecorded in Ithaca, NY by Cornell University.
=500  \\$aAccompanied by: Notes.
=500  \\$aSponsored by: The Arab Club.
=500  \\$aSpeaker(s): Ambassador Maksoud is the permanent observer of the League of Arab States to the United Nations, and chief representative of the Arab League to the United States.
=518  \\$aLecture, April 18, 1988.
=520  \\$aMaksoud advances the notion that due to the establishment of the state of Israel, the Palestinians have ceased to be human beings and have become human obstacles. What is needed, in his mind, is a Palestinian adaptation to the Israeli "fear psyche".
=651  \0$aIsrael$xForeign relations.
=650  \0$aJewish-Arab relations.
=651  \0$aMiddle East$xPolitics and government$y1945-
=650  \0$aPalestine.
=648  \7$aSince 1945$2fast
=650  \7$aDiplomatic relations$2fast$0(OCoLC)fst01907412
=650  \7$aJewish-Arab relations$2fast$0(OCoLC)fst00983106
=650  \7$aPolitical science$2fast$0(OCoLC)fst01069781
=651  \7$aIsrael$2fast$0(OCoLC)fst01204236
=651  \7$aMiddle East$2fast$0(OCoLC)fst01241586
=899  1\$aCULectures
=905  \\$a20000425120000.0
=948  2\$a20141221$bm$dbatch$elts$xaddfast

