=LDR  01208cim  22003132u 4500
=001  3600601
=005  20151214182632.0
=007  ss|lmnjluz|nuu
=008  991101s1988\\\\nyunnn\\\\\\\\\l\\\\eng\d
=035  \\$a(NIC)notisASF7666
=035  \\$a3600601
=035  \\$a(OCoLC)63896307
=040  \\$aNIC$cNIC$dNIC
=100  1\$aMacIntosh, Peggy.
=245  10$aRe-vision: a feminist perspective$h[sound recording]
=260  \\$c1988.
=300  \\$a1 sound cassette (80 min.) :$banalog, mono.
=500  \\$aRecorded in Ithaca, NY by Cornell University.
=500  \\$aSpeaker(s): Associate professor at Wellsley College.
=518  \\$aLecture, April 27, 1988.
=520  \\$aMacIntosh discusses pedagogy as a means of allowing students to adaopt an "adjacent" position in relation to subject matter.  This approach is an alternative to the "lateral", "take a position" point of view.
=650  \0$aEducation$xStudy and teaching.
=650  \0$aFeminism.
=650  \7$aEducation$xStudy and teaching$2fast$0(OCoLC)fst00902796
=650  \7$aFeminism$2fast$0(OCoLC)fst00922671
=830  \0$aGender and pedagogy lectures.
=899  1\$aCULectures
=905  \\$a19991201120000.0
=948  2\$a20141221$bm$dbatch$elts$xaddfast

