=LDR  01646cim  22003852u 4500
=001  3600603
=005  20151214182633.0
=007  ss|lmnjluz|nuu
=008  991101s1988\\\\nyunnn\\\\\\\\\l\\\\eng\d
=035  \\$a(NIC)notisASF7668
=035  \\$a3600603
=035  \\$a(OCoLC)63896309
=040  \\$aNIC$cNIC$dNIC$dNIC
=100  1\$aWest, Cornel.
=245  14$aThe black church and oppositional politics$h[sound recording]
=260  \\$c1988.
=300  \\$a2 sound cassettes (110 min.) :$banalog, mono.
=500  \\$aRecorded in Ithaca, NY by Cornell University.
=500  \\$aSponsored by: Society for the Humanities.
=500  \\$aSpeaker(s): West is from the Union Theological Seminary.
=518  \\$aLecture, April 28, 1988.
=520  \\$aWest discusses the "Black Church" and its oppositional politics (ie., the use of prophetic, all-embracing vision) and its consequences in terms of both enabling and disabling causes of freedom.  She is introduced by Hortense Spillers, visiting professor of English, Cornell University.
=650  \0$aAfrican Americans$xReligion.
=650  \0$aAfrican American theologians.
=650  \0$aTheologians$zUnited States.
=650  \0$aReligion and politics.
=650  \7$aAfrican American theologians$2fast$0(OCoLC)fst00799420
=650  \7$aAfrican Americans$xReligion$2fast$0(OCoLC)fst00799689
=650  \7$aReligion and politics$2fast$0(OCoLC)fst01093842
=650  \7$aTheologians$2fast$0(OCoLC)fst01149517
=651  \7$aUnited States$2fast$0(OCoLC)fst01204155
=830  \0$aToni Morrison lectures.
=899  1\$aCULectures
=905  \\$a19991217120000.0
=948  2\$a20141221$bm$dbatch$elts$xaddfast

