=LDR  01596cim  22004212u 4500
=001  3600610
=005  20151214182634.0
=007  ss|lmnjluz|nuu
=008  991101s1988\\\\nyunnn\\\\\\\\\l\\\\eng\d
=035  \\$a(NIC)notisASF7675
=035  \\$a3600610
=035  \\$a(OCoLC)63896319
=040  \\$aNIC$cNIC$dNIC$dNIC
=100  1\$aPiedra, Jose
=245  10$aBlues on blues$h[sound recording]
=260  \\$c1988.
=300  \\$a1 sound cassette (60 min.) :$banalog, mono.
=500  \\$aRecorded in Ithaca, NY by Cornell University.
=500  \\$aAccompanied by: Notes.
=500  \\$aSponsored by: Society for the Humanities,See CU 2793 for additional sponsors.
=500  \\$aSpeaker(s): Expert on Afro-Hispanic Studies at Yale University; Fellow of the Society for the Humanities, Cornell.
=518  \\$aLecture, April 29, 1988.
=520  \\$aPiedra compares Latin American song with North American blues.
=650  \0$aPopular music$zUnited States.
=650  \0$aMusic$zLatin America.
=650  \0$aAfrican Americans$xMusic.
=650  \0$aBlues (Music)
=650  \7$aAfrican Americans$2fast$0(OCoLC)fst00799558
=650  \7$aBlues (Music)$2fast$0(OCoLC)fst00835056
=650  \7$aMusic$2fast$0(OCoLC)fst01030269
=650  \7$aPopular music$2fast$0(OCoLC)fst01071422
=651  \7$aLatin America$2fast$0(OCoLC)fst01245945
=651  \7$aUnited States$2fast$0(OCoLC)fst01204155
=655  \7$aMusic$2fast$0(OCoLC)fst01423855
=830  \0$aRace and class in Latin American popular music.
=899  1\$aCULectures
=905  \\$a20000403120000.0
=948  2\$a20141221$bm$dbatch$elts$xaddfast

