=LDR  01693cim  22003612u 4500
=001  3600626
=005  20151214182638.0
=007  ss|lmnjluz|nuu
=008  991101s1988\\\\nyunnn\\\\\\\\\l\\\\eng\d
=035  \\$a(NIC)notisASF7691
=035  \\$a3600626
=035  \\$a(OCoLC)63896344
=040  \\$aNIC$cNIC$dNIC$dNIC
=100  1\$aChien, Frederick F.$q(Frederick Foo),$d1935- 
=245  14$aThe Republic of China on Taiwan and her relations with the United States$h[sound recording]
=260  \\$c1988.
=300  \\$a1 sound cassette (75 min.) :$banalog, mono.
=500  \\$aRecorded in Ithaca, NY by Cornell University.
=500  \\$aAccompanied by: Notes.
=500  \\$aSponsored by: East Asia Program,Dean's Office of the Graduate School,Johnson Graduate School of Management Federation of Alumni from Taiwan.
=500  \\$aSpeaker(s): Representative of the Coordination Council for North American Affairs, a non-diplomatic mission maintained by the Nationalist Chinese government in the United States.
=518  \\$aLecture, April 12, 1988.
=520  \\$aDiscusses the relationship between the Republic of China and the United States on both an economic and political level, particularly after the U.S. non-recognition of Taiwan in 1979.
=651  \0$aChina$xForeign relations.
=651  \0$aChina$xEconomic policy.
=651  \0$aChina$xPolitics and government.
=650  \7$aDiplomatic relations$2fast$0(OCoLC)fst01907412
=650  \7$aEconomic policy$2fast$0(OCoLC)fst00902025
=650  \7$aPolitical science$2fast$0(OCoLC)fst01069781
=651  \7$aChina$2fast$0(OCoLC)fst01206073
=899  1\$aCULectures
=905  \\$a20000310120000.0
=948  2\$a20141221$bm$dbatch$elts$xaddfast

