=LDR  01534cim  22003972u 4500
=001  3600639
=005  20151214182640.0
=007  ss|lmnjluz|nuu
=008  991101s1988\\\\nyunnn\\\\\\\\\l\\\\eng\d
=035  \\$a(NIC)notisASF7704
=035  \\$a3600639
=035  \\$a(OCoLC)63896368
=040  \\$aNIC$cNIC$dNIC$dNIC
=100  1\$aLaCapra, Dominick,$d1939-
=245  10$aOn the rhetoric of racism in literature$h[sound recording]
=260  \\$c1988.
=300  \\$a1 sound cassette (25 min.) :$banalog, mono.
=500  \\$aRecorded in Ithaca, NY by Cornell University.
=500  \\$aAccompanied by: Notes.
=500  \\$aSponsored by: Society for the Humanities.
=518  \\$aLecture, April 15, 1988.
=520  \\$aTape includes introductory remarks by La Capra; Gates presents an overview of the state of black education in the United States today and opens the conference "Race and the Humanities".
=650  \0$aRacism in language.
=651  \0$aUnited States$xRace relations.
=650  \0$aRacism$zUnited States.
=650  \0$aAfrican Americans$xEducation.
=650  \7$aAfrican Americans$xEducation$2fast$0(OCoLC)fst00799600
=650  \7$aRace relations$2fast$0(OCoLC)fst01086509
=650  \7$aRacism$2fast$0(OCoLC)fst01086616
=650  \7$aRacism in language$2fast$0(OCoLC)fst01086654
=651  \7$aUnited States$2fast$0(OCoLC)fst01204155
=700  1\$aGates, Henry Louis,$cJr.
=830  \0$aRace and the humanities.
=899  1\$aCULectures
=905  \\$a20000405120000.0
=948  2\$a20141221$bm$dbatch$elts$xaddfast

