=LDR  01597cim  22003492u 4500
=001  3600646
=005  20151214182642.0
=007  ss|lmnjluz|nuu
=008  991101s1988\\\\nyunnn\\\\\\\\\l\\\\eng\d
=035  \\$a(NIC)notisASF7711
=035  \\$a3600646
=035  \\$a(OCoLC)63896384
=040  \\$aNIC$cNIC$dNIC$dNIC
=100  1\$aMehrez, Samia.
=245  10$aContesting the dominant other: the case of the Francophone North African writer$h[sound recording]
=260  \\$c1988.
=300  \\$a1 sound cassette (70 min.) :$banalog, mono.
=500  \\$aRecorded in Ithaca, NY by Cornell University.
=500  \\$aAccompanied by: Notes.
=500  \\$aSpeaker(s): Assistant Professor of Near Eastern Studies, Cornell University.
=518  \\$aLecture, April 16, 1988.
=520  \\$aMehrez discusses the recent development of bilingual writing among Francophone writers (specifically Arab) as being distinct from the currently-existing alternatives of writing in French while adhering to a metropole perspective or of immersing oneself in Arabic. She points out the political implications of such a choice.
=650  \0$aBilingualism and literature.
=650  \0$aArabic literature$zForeign countries.
=650  \0$aAlgerian literature (French)
=650  \7$aAlgerian literature (French)$2fast$0(OCoLC)fst00804959
=650  \7$aArabic literature$xForeign countries$2fast$0(OCoLC)fst01906762
=650  \7$aBilingualism and literature$2fast$0(OCoLC)fst00831758
=830  \0$aRace and the humanities.
=899  1\$aCULectures
=905  \\$a19991222120000.0
=948  2\$a20141221$bm$dbatch$elts$xaddfast

