=LDR  01353cim  22003372u 4500
=001  3600678
=005  20151214182650.0
=007  ss|lmnjluz|nuu
=008  991101s1988\\\\nyunnn\\\\\\\\\l\\\\eng\d
=035  \\$a(NIC)notisASF7743
=035  \\$a3600678
=035  \\$a(OCoLC)63896436
=040  \\$aNIC$cNIC$dNIC$dNIC
=100  1\$aLaFeber, Walter.
=245  10$aIs America on the decline?$h[sound recording]
=260  \\$c1988.
=300  \\$a1 sound cassette (87 min.) :$banalog, mono.
=500  \\$aRecorded in Ithaca, NY by Cornell University.
=500  \\$aAccompanied by: Notes.
=500  \\$aSponsored by: Cornell Democrats.
=500  \\$aSpeaker(s): Mr. LaFeber is Professor of American History at Cornell. Mr. Katzenstein is Professor of Government at Cornell.
=518  \\$aLecture, April 5, 1988.
=520  \\$aLaFeber and Katzenstein both address the question of America on the decline, with LaFeber providing a historical account of how the decline has happened and Katzenstein suggesting some solutions to it.
=651  \0$aUnited States$xEconomic policy$y1981-
=648  \7$aSince 1981$2fast
=650  \7$aEconomic policy$2fast$0(OCoLC)fst00902025
=651  \7$aUnited States$2fast$0(OCoLC)fst01204155
=700  1\$aKatzenstein, Peter J.
=899  1\$aCULectures
=905  \\$a20000411120000.0
=948  2\$a20141221$bm$dbatch$elts$xaddfast

