=LDR  01465cim  22003252u 4500
=001  3600679
=005  20151214182650.0
=007  ss|lmnjluz|nuu
=008  991101s1988\\\\nyunnn\\\\\\\\\l\\\\eng\d
=035  \\$a(NIC)notisASF7744
=035  \\$a3600679
=035  \\$a(OCoLC)63896437
=040  \\$aNIC$cNIC$dNIC$dNIC
=100  1\$aOrlov, Yuri,$d1924-
=245  14$aThe Gorbachev reforms: a relationship between human rights and mutual security$h[sound recording]
=260  \\$c1988.
=300  \\$a1 sound cassette (35 min.) :$banalog, mono.
=500  \\$aRecorded in Ithaca, NY by Cornell University.
=500  \\$aAccompanied by: Notes.
=500  \\$aSponsored by: November 11th Committee.
=500  \\$aSpeaker(s): Orlov is a Soviet physicist who was imprisonned in the Soviet Union because of his human rights activism.  He is now a researcher at Cornell in the Physics Department.
=518  \\$aLecture, April 27, 1988.
=520  \\$aOrlov discusses the current situation in the Soviet Union in view of "glasnost" and suggests that the withdrawal of Soviet troops from Afghanistan is unique in the history of the Soviet Union.
=651  \0$aSoviet Union$xSocial conditions.
=650  \7$aSocial history$2fast$0(OCoLC)fst01122498
=651  \7$aSoviet Union$2fast$0(OCoLC)fst01210281
=830  \0$aGorbachev and Soviet reform: insights on the present and future.
=899  1\$aCULectures
=905  \\$a20000405120000.0
=948  2\$a20141221$bm$dbatch$elts$xaddfast

