=LDR  01112cim  22003012u 4500
=001  3600696
=005  20151214182653.0
=007  ss|lmnjluz|nuu
=008  991101s1987\\\\nyunnn\\\\\\\\\l\\\\eng\d
=035  \\$a(NIC)notisASF7761
=035  \\$a3600696
=035  \\$a(OCoLC)63896458
=040  \\$aNIC$cNIC$dNIC$dNIC
=100  1\$aSwaminathan, M. S.$q(Monkombu Sambasivan)
=245  14$aThe green revolution revisited$h[sound recording]
=260  \\$c1987.
=300  \\$a1 sound cassette (65 min.) :$banalog, mono.
=500  \\$aRecorded in Ithaca, NY by Cornell University.
=500  \\$aSpeaker(s): Director General, International Rice Research Institute of the Republic of the Philippines.
=518  \\$aLecture, October 30, 1987.
=520  \\$aSwaminathan explains the benefits and concerns of the green revolution.
=650  \0$aGreen revolution.
=650  \0$aAgricultural productivity.
=650  \7$aAgricultural productivity$2fast$0(OCoLC)fst00801250
=650  \7$aGreen Revolution$2fast$0(OCoLC)fst00947585
=899  1\$aCULectures
=905  \\$a20000328120000.0
=948  2\$a20141221$bm$dbatch$elts$xaddfast

