=LDR  01433cim  22003852u 4500
=001  3600701
=005  20151214182655.0
=007  ss|lmnjluz|nuu
=008  991101s1987\\\\nyunnn\\\\\\\\\l\\\\eng\d
=035  \\$a(NIC)notisASF7766
=035  \\$a3600701
=035  \\$a(OCoLC)63896468
=040  \\$aNIC$cNIC$dNIC$dNIC
=100  1\$aSalo, Arvo.
=245  10$aHow Finland went western$h[sound recording]
=260  \\$c1987.
=300  \\$a1 sound cassette (90 min.) :$banalog, mono.
=500  \\$aRecorded in Ithaca, NY by Cornell University.
=500  \\$aAccompanied by: Notes.
=500  \\$aSponsored by: Western Societies Program.
=500  \\$aSpeaker(s): Playwright; Former Minister of Culture in Finland; Former head of the Finnish Social Democratic Party.
=518  \\$aLecture, October 6, 1987.
=520  \\$aSalo gives an overview of Finland's "westernization".
=651  \0$aFinland$xEconomic conditions$y1945-1981.
=651  \0$aFinland$xForeign relations$y1945-
=651  \0$aFinland$xHistory$y1939-1945.
=651  \0$aFinalnd$xPolitics and government$y1945-
=648  \7$aSince 1939$2fast
=650  \7$aDiplomatic relations$2fast$0(OCoLC)fst01907412
=650  \7$aEconomic history$2fast$0(OCoLC)fst00901974
=650  \7$aPolitical science$2fast$0(OCoLC)fst01069781
=651  \7$aFinland$2fast$0(OCoLC)fst01205503
=899  1\$aCULectures
=905  \\$a20000331120000.0
=948  2\$a20141221$bm$dbatch$elts$xaddfast

