=LDR  01580cim  22003492u 4500
=001  3600703
=005  20151214182655.0
=007  ss|lmnjluz|nuu
=008  991101s1988\\\\nyunnn\\\\\\\\\l\\\\eng\\
=035  \\$a(NIC)notisASF7768
=035  \\$a3600703
=035  \\$a(OCoLC)63896473
=040  \\$aNIC$cNIC$dNIC
=100  1\$aKeene, David A.
=245  10$a1988 presidential campaign forum$h[sound recording]
=260  \\$c1988.
=300  \\$a2 sound cassettes (140 min.) :$banalog, mono.
=500  \\$aRecorded in Ithaca, NY by Cornell University.
=500  \\$aAccompanied by: Notes.
=500  \\$aSponsored by: Mortar Board Honor Society,Cornell Political Forum,Cornell Republicans,Cornell Democrats.
=500  \\$aSpeaker(s): Keene is chairman of the American Conservative Union;  Yepsen is a reporter for the Des Moines Register;  Frankovic is director of surveys for the CBS News Election Unit and a 1968 Cornell graduate; Ginsberg is a government professor at Cornell; Chapman, who serves as moderator, is the executive director of the Cornell News Service and a former bureau chief for ABC News.
=518  \\$aPanel, April 11, 1988.
=520  \\$aDiscussants address the question "is this democracy?" in relation to the 1988 presidential election.
=650  \0$aPolitics, Practical.
=650  \7$aPolitics, Practical$2fast$0(OCoLC)fst01069977
=700  1\$aChapman, Irv.
=700  1\$aGinsberg, Benjamin.
=700  1\$aFrankovic, Kathleen.
=700  1\$aYepsen, David.
=899  1\$aCULectures
=905  \\$a19991201120000.0
=948  2\$a20141221$bm$dbatch$elts$xaddfast

