=LDR  01137cim  22003372u 4500
=001  3600716
=005  20151214182658.0
=007  ss|lmnjluz|nuu
=008  991101s1986\\\\nyunnn\\\\\\\\\l\\\\eng\d
=035  \\$a(NIC)notisASF7781
=035  \\$a3600716
=035  \\$a(OCoLC)63896492
=040  \\$aNIC$cNIC$dNIC$dNIC
=100  1\$aSaid, Edward W. 
=245  10$aCulture and imperialism: overlapping territories, intertwined histories$h[sound recording]
=260  \\$c1986.
=300  \\$a1 sound cassette (85 min.) :$banalog, mono.
=500  \\$aRecorded in Ithaca, NY by Cornell University.
=500  \\$aAccompanied by: Notes.
=518  \\$aLecture, February 6, 1986.
=520  \\$aSaid examines the intertwined relationship between history, culture, and imperialism.
=540  \\$aNo reproductions authorized.
=650  \0$aCulture.
=650  \0$aImperialism.
=650  \7$aCulture$2fast$0(OCoLC)fst00885059
=650  \7$aImperialism$2fast$0(OCoLC)fst00968126
=830  \0$aCulture and imperialism.
=830  \0$aMessenger lectures.
=899  1\$aCULectures
=905  \\$a20000320120000.0
=948  2\$a20141221$bm$dbatch$elts$xaddfast

