=LDR  01286cim  22003372u 4500
=001  3600721
=005  20151214182659.0
=007  ss|lmnjluz|nuu
=008  991101s1985\\\\nyunnn\\\\\\\\\l\\\\eng\d
=035  \\$a(NIC)notisASF7786
=035  \\$a3600721
=035  \\$a(OCoLC)63896501
=040  \\$aNIC$cNIC$dNIC$dNIC
=100  1\$aSheerman, Barry.
=245  10$aHas the Labour Party a future in British politics?$h[sound recording]
=260  \\$c1985.
=300  \\$a1 sound cassette (63 min.) :$banalog, mono.
=500  \\$aRecorded in Ithaca, NY by Cornell University.
=500  \\$aSponsored by: Western Societies Program.
=500  \\$aSpeaker(s): Sheerman is a British politician.
=518  \\$aLecture, February 19, 1985.
=520  \\$aSheerman discusses the British parliament, its history as it relates to the Labour party, and its possibilities for the future.
=651  \0$aGreat Britain$xPolitics and government$y1979-1997.
=650  \0$aPolitical parties$zGreat Britain.
=648  \7$a1979 - 1997$2fast
=650  \7$aPolitical parties$2fast$0(OCoLC)fst01069410
=650  \7$aPolitical science$2fast$0(OCoLC)fst01069781
=651  \7$aGreat Britain$2fast$0(OCoLC)fst01204623
=899  1\$aCULectures
=905  \\$a20000322120000.0
=948  2\$a20141221$bm$dbatch$elts$xaddfast

