=LDR  01410cim  22003492u 4500
=001  3600735
=005  20151214182701.0
=007  ss|lmnjluz|nuu
=008  991101s1985\\\\nyunnn\\\\\\\\\l\\\\eng\d
=035  \\$a(NIC)notisASF7800
=035  \\$a3600735
=035  \\$a(OCoLC)63896523
=040  \\$aNIC$cNIC$dNIC$dNIC
=100  1\$aLowi, Theodore J.
=245  10$aAgricultural policy in the United States:  political and economic dimensions$h[sound recording]
=260  \\$c1985.
=300  \\$a1 sound cassette (77 min.) :$banalog, mono.
=500  \\$aRecorded in Ithaca, NY by Cornell University.
=500  \\$aSponsored by: Biology and Society Major.
=518  \\$aLecture, March 14, 1985.
=520  \\$aRobinson discusses American agricultural policy and its successful economic impact. Lowi discusses American politics' effect on agriculture through history, focusing on economic changes.
=650  \0$aAgriculture$zUnited States.
=650  \0$aAgriculture$xEconomic aspects.
=650  \0$aAgriculture and politics.
=650  \7$aAgriculture$2fast$0(OCoLC)fst00801355
=650  \7$aAgriculture and politics$2fast$0(OCoLC)fst00801720
=650  \7$aAgriculture$xEconomic aspects$2fast$0(OCoLC)fst00801415
=651  \7$aUnited States$2fast$0(OCoLC)fst01204155
=700  1\$aRobinson, Kenneth Leon,$d1921- 
=899  1\$aCULectures
=905  \\$a20000317120000.0
=948  2\$a20141221$bm$dbatch$elts$xaddfast

