=LDR  01450cim  22003612u 4500
=001  3600742
=005  20151214182702.0
=007  ss|lmnjluz|nuu
=008  991101s1984\\\\nyunnn\\\\\\\\\l\\\\eng\d
=035  \\$a(NIC)notisASF7807
=035  \\$a3600742
=035  \\$a(OCoLC)63896533
=040  \\$aNIC$cNIC$dNIC$dNIC
=100  1\$aLaCapra, Dominick,$d1939- 
=245  10$aHistory and the novel$h[sound recording]
=260  \\$c1984.
=300  \\$a1 sound cassette (75 min.) :$banalog, mono.
=500  \\$aRecorded in Ithaca, NY by Cornell University.
=500  \\$aSponsored by: Society for the Humanities.
=500  \\$aSpeaker(s): LaCapra is director of the Society for the Humanities and is a professor in the History department, Cornell.
=518  \\$aLecture, November 28, 1984.
=520  \\$aLaCapra describes the relationship of the novel to history and briefly chronicles intellectual history, interpreting and defining the novel through its relation to history.
=650  \0$aNonfiction novel.
=650  \0$aIntellectual life$xHistory.
=650  \0$aHistory$vMiscellanea.
=650  \7$aHistory$2fast$0(OCoLC)fst00958235
=650  \7$aIntellectual life$2fast$0(OCoLC)fst00975769
=650  \7$aNonfiction novel$2fast$0(OCoLC)fst01038735
=655  \7$aHistory$2fast$0(OCoLC)fst01411628
=655  \7$aMiscellanea$2fast$0(OCoLC)fst01423854
=899  1\$aCULectures
=905  \\$a20000501120000.0
=948  2\$a20141221$bm$dbatch$elts$xaddfast

