=LDR  01484cim  22003732u 4500
=001  3600787
=005  20151214182712.0
=007  ss|lmnjluz|nuu
=008  991101s1985\\\\nyunnn\\\\\\\\\l\\\\eng\d
=035  \\$a(NIC)notisASF7852
=035  \\$a3600787
=035  \\$a(OCoLC)63896602
=040  \\$aNIC$cNIC$dNIC $dNIC
=100  1\$aShevchenko, Arkady N.
=245  10$aBreaking with Moscow: revelations of a Soviet diplomat$h[sound recording]
=260  \\$c1985.
=300  \\$a1 sound cassette (55 min.) :$banalog, mono.
=500  \\$aRecorded in Ithaca, NY by Cornell University.
=500  \\$aSponsored by: Center for International Studies.
=500  \\$aSpeaker(s): Soviet defector and former Soviet diplomat.
=518  \\$aLecture, October 24, 1985.
=520  \\$aShevchenko describes his own experiences as a Soviet diplomat and as a defector from the Soviet Union and discusses US-USSR relations.
=651  \0$aUnited States$xForeign relations$zSoviet Union.
=651  \0$aSoviet Union$xForeign relations$zUnited States.
=650  \0$aPolitical refugees$zSoviet Union.
=650  \0$aDefectors.
=650  \7$aDefectors$2fast$0(OCoLC)fst00889593
=650  \7$aDiplomatic relations$2fast$0(OCoLC)fst01907412
=650  \7$aPolitical refugees$2fast$0(OCoLC)fst01069678
=651  \7$aSoviet Union$2fast$0(OCoLC)fst01210281
=651  \7$aUnited States$2fast$0(OCoLC)fst01204155
=899  1\$aCULectures
=905  \\$a20000323120000.0
=948  2\$a20141221$bm$dbatch$elts$xaddfast

