=LDR  01068cim  22003012u 4500
=001  3600800
=005  20151214182714.0
=007  ss|lmnjluz|nuu
=008  991101s1985\\\\nyunnn\\\\\\\\\l\\\\eng\d
=035  \\$a(NIC)notisASF7865
=035  \\$a3600800
=035  \\$a(OCoLC)63896624
=040  \\$aNIC$cNIC$dNIC
=100  1\$aSoyinka, Wole.
=245  10$aOutward glance and inward retreat:  ambivalence in African arts and literature$h[sound recording]
=260  \\$c1985.
=300  \\$a1 sound cassette (75 min.) :$banalog, mono.
=500  \\$aRecorded in Ithaca, NY by Cornell University.
=500  \\$aSponsored by: Society for the Humanities.
=518  \\$aLecture, November 11, 1985.
=520  \\$aSoyinka provides a detailed analysis of African art and discusses Western attitudes toward it.
=650  \0$aAfrican literature.
=650  \0$aArt, African.
=650  \7$aAfrican literature$2fast$0(OCoLC)fst00799832
=650  \7$aArt, African$2fast$0(OCoLC)fst00815861
=899  1\$aCULectures
=905  \\$a19991201120000.0
=948  2\$a20141221$bm$dbatch$elts$xaddfast

