=LDR  01914cim  22004572u 4500
=001  3600847
=005  20151214182722.0
=007  ss|lmnjluz|nuu
=008  991101s1985\\\\nyunnn\\\\\\\\\l\\\\eng\d
=035  \\$a(NIC)notisASF7912
=035  \\$a3600847
=035  \\$a(OCoLC)63896710
=040  \\$aNIC$cNIC$dNIC        $dNIC
=100  1\$aStockwell, John,$d1937- 
=245  10$aSecret wars of the CIA$h[sound recording]
=260  \\$c1985.
=300  \\$a2 sound cassettes (150 min.) :$banalog, mono.
=500  \\$aRecorded in Ithaca, NY by Cornell University.
=500  \\$aAccompanied by: Notes.
=500  \\$aSponsored by: Student Finance Commission,Committee on United States-Latin American Relations (CUSLAR).
=518  \\$aPanel, October 2, 1985.
=520  \\$aPanel discusses several aspects of the CIA: recruitment on campus, international law and involvement in Central America, an "inside" view of the organization, and current CIA operations in Nicaragua.
=540  \\$aNo reproductions authorized.
=651  \0$aUnited States$xForeign relations$zCentral America.
=650  \0$aIntelligence service.
=650  \0$aInternational relations.
=610  20$aCornell University$xRecruiting.
=610  10$aUnited States.$bCentral Intelligence Agency.
=610  27$aCornell University$2fast$0(OCoLC)fst00530369
=610  17$aUnited States.$bCentral Intelligence Agency$2fast$0(OCoLC)fst00536259
=650  \7$aDiplomatic relations$2fast$0(OCoLC)fst01907412
=650  \7$aIntelligence service$2fast$0(OCoLC)fst00975848
=650  \7$aInternational relations$2fast$0(OCoLC)fst00977053
=651  \7$aCentral America$2fast$0(OCoLC)fst01244535
=651  \7$aUnited States$2fast$0(OCoLC)fst01204155
=700  1\$aMacMichael, David C.
=700  1\$aKenworthy, Eldon G.
=700  1\$aHathaway, Dale.
=899  1\$aCULectures
=905  \\$a20000327120000.0
=948  2\$a20141221$bm$dbatch$elts$xaddfast

