=LDR  01275cim  22003372u 4500
=001  3600848
=005  20151214182722.0
=007  ss|lmnjluz|nuu
=008  991101s1985\\\\nyunnn\\\\\\\\\l\\\\eng\d
=035  \\$a(NIC)notisASF7913
=035  \\$a3600848
=035  \\$a(OCoLC)63896711
=040  \\$aNIC$cNIC$dNIC$dNIC
=100  1\$aPendleton, Clarence M.,$cJr.
=245  10$aCivil rights: where do we go from here?$h[sound recording]
=260  \\$c1985.
=300  \\$a1 sound cassette (75 min.) :$banalog, mono.
=500  \\$aRecorded in Ithaca, NY by Cornell University.
=500  \\$aSpeaker(s): Chairman of the U.S. Civil Rights Commission.
=518  \\$aLecture, July 24, 1985.
=520  \\$aPendleton describes the problem of discrimination in the United States and suggests some solutions to it.
=650  \0$aCivil rights$zUnited States.
=650  \0$aRace discrimination$xLaw and legislation.
=650  \0$aDiscrimination.
=650  \7$aCivil rights$2fast$0(OCoLC)fst00862627
=650  \7$aDiscrimination$2fast$0(OCoLC)fst00894985
=650  \7$aRace discrimination$xLaw and legislation$2fast$0(OCoLC)fst01086474
=651  \7$aUnited States$2fast$0(OCoLC)fst01204155
=899  1\$aCULectures
=905  \\$a20000302120000.0
=948  2\$a20141221$bm$dbatch$elts$xaddfast

