=LDR  01352cim  22003612u 4500
=001  3600899
=005  20151214182732.0
=007  ss|lmnjluz|nuu
=008  991101s1985\\\\nyunnn\\\\\\\\\l\\\\eng\d
=035  \\$a(NIC)notisASF7964
=035  \\$a3600899
=035  \\$a(OCoLC)63896781
=040  \\$aNIC$cNIC$dNIC$dNIC
=100  1\$aWilson, Kenneth G.$q(Kenneth Geddes),$d1936-2013.
=245  10$aUncovering the supercomputer$h[sound recording]
=260  \\$c1985.
=300  \\$a1 sound cassette (69 min.) :$banalog, mono.
=500  \\$aRecorded in Ithaca, NY by Cornell University.
=500  \\$aAccompanied by: Notes.
=500  \\$aSponsored by: University Unions Programming Board.
=518  \\$aLecture, April 15, 1985.
=520  \\$aWilson discusses the capabilities and effects of the supercomputer presently being installed at Cornell.
=610  20$aCornell University$xComputers.
=650  \0$aComputers.
=650  \0$aSupercomputers.
=650  \0$aParallel processing (Electronic computers).
=610  27$aCornell University$2fast$0(OCoLC)fst00530369
=650  \7$aComputers$2fast$0(OCoLC)fst00872776
=650  \7$aParallel processing (Electronic computers)$2fast$0(OCoLC)fst01052928
=650  \7$aSupercomputers$2fast$0(OCoLC)fst01138790
=899  1\$aCULectures
=905  \\$a20000411120000.0
=948  2\$a20141221$bm$dbatch$elts$xaddfast

