=LDR  01526cim  22003732u 4500
=001  3600904
=005  20151214182732.0
=007  ss|lmnjluz|nuu
=008  991101s1985\\\\nyunnn\\\\\\\\\l\\\\eng\d
=035  \\$a(NIC)notisASF7969
=035  \\$a3600904
=035  \\$a(OCoLC)63896787
=040  \\$aNIC$cNIC$dNIC$dNIC
=100  1\$aElSaadawi, Nawal.
=245  10$aThird world women and creativity$h[sound recording]
=260  \\$c1985.
=300  \\$a1 sound cassette (60 min.) :$banalog, mono.
=500  \\$aRecorded in Ithaca, NY by Cornell University.
=500  \\$aAccompanied by: Notes.
=500  \\$aSponsored by: Women's Studies Program,Society for the Humanities,Latin American Studies Program,Near Eastern Studies, Department of.
=518  \\$aLecture, April 17, 1985.
=520  \\$aElSaadawi discusses the oppression of women in the Third World by imperialist powers and by men in the household and suggests ways in which this oppression hinders creativity.
=650  \0$aImperialism.
=650  \0$aWomen$xSocial conditions.
=650  \0$aWomen$xLegal status, laws, etc.
=651  \0$aDeveloping countries$xWomen.
=650  \7$aImperialism$2fast$0(OCoLC)fst00968126
=650  \7$aWomen$2fast$0(OCoLC)fst01176568
=650  \7$aWomen$xLegal status, laws, etc.$2fast$0(OCoLC)fst01176824
=650  \7$aWomen$xSocial conditions$2fast$0(OCoLC)fst01176947
=651  \7$aDeveloping countries$2fast$0(OCoLC)fst01242969
=899  1\$aCULectures
=905  \\$a20000320120000.0
=948  2\$a20141221$bm$dbatch$elts$xaddfast

