=LDR  01439cim  22003852u 4500
=001  3600906
=005  20151214182733.0
=007  ss|lmnjluz|nuu
=008  991101s1985\\\\nyunnn\\\\\\\\\l\\\\eng\d
=035  \\$a(NIC)notisASF7971
=035  \\$a3600906
=035  \\$a(OCoLC)63896789
=040  \\$aNIC$cNIC$dNIC$dNIC
=100  1\$aLynch, Dotty.
=245  10$aSurvey research and presidential campaigns: the Democrats in 1984$h[sound recording]
=260  \\$c1985.
=300  \\$a1 sound cassette (62 min.) :$banalog, mono.
=500  \\$aRecorded in Ithaca, NY by Cornell University.
=500  \\$aAccompanied by: Notes.
=500  \\$aSponsored by: Cornell Institute for Social and Economic Research (CISER).
=518  \\$aLecture, April 15, 1985.
=520  \\$aLynch describes the use of polls in presidential campaigns, specifically the 1984 campaign.
=650  \0$aPolitics, Practical.
=650  \0$aPublic opinion polls.
=650  \0$aElections$zUnited States.
=650  \0$aPresidents$zUnited States.
=650  \7$aElections$2fast$0(OCoLC)fst00904324
=650  \7$aPolitics, Practical$2fast$0(OCoLC)fst01069977
=650  \7$aPresidents$2fast$0(OCoLC)fst01075723
=650  \7$aPublic opinion polls$2fast$0(OCoLC)fst01082803
=651  \7$aUnited States$2fast$0(OCoLC)fst01204155
=830  \0$aPolling and the political process.
=899  1\$aCULectures
=905  \\$a20000320120000.0
=948  2\$a20141221$bm$dbatch$elts$xaddfast

