=LDR  01228cim  22003492u 4500
=001  3600907
=005  20151214182733.0
=007  ss|lmnjluz|nuu
=008  991101s1985\\\\nyunnn\\\\\\\\\l\\\\eng\d
=035  \\$a(NIC)notisASF7972
=035  \\$a3600907
=035  \\$a(OCoLC)63896791
=040  \\$aNIC$cNIC$dNIC$dNIC
=100  1\$aWolff, Tobias,$d1945- 
=245  10$aTobias Wolff reads his own work. $h[sound recording]
=260  \\$c1985.
=300  \\$a1 sound cassette (50 min.) :$banalog, mono.
=500  \\$aRecorded in Ithaca, NY by Cornell University.
=500  \\$aSponsored by: Creative Writing Program,National Endowment for the Arts.
=518  \\$aReading, April 11, 1985.
=520  \\$aWolff reads from his works "Sister" and "The Rich Brother".
=540  \\$aNo reproductions authorized.
=600  10$aWolff, Tobias,$d1945- 
=650  \0$aLiterature, Modern$y20th century.
=650  \0$aFiction$y20th century.
=600  17$aWolff, Tobias,$d1945-$2fast$0(OCoLC)fst00067114
=648  \7$a1900 - 1999$2fast
=650  \7$aFiction$2fast$0(OCoLC)fst00923709
=650  \7$aLiterature, Modern$2fast$0(OCoLC)fst01000172
=899  1\$aCULectures
=905  \\$a20000417120000.0
=948  2\$a20141221$bm$dbatch$elts$xaddfast

