=LDR  01223cim  22003492u 4500
=001  3600924
=005  20151214182737.0
=007  ss|lmnjluz|nuu
=008  991101s1985\\\\nyunnn\\\\\\\\\l\\\\eng\d
=035  \\$a(NIC)notisASF7989
=035  \\$a3600924
=035  \\$a(OCoLC)63896811
=040  \\$aNIC$cNIC$dNIC
=100  1\$aPowers, Thomas.
=245  10$aU.S. nuclear war plans$h[sound recording]
=260  \\$c1985.
=300  \\$a1 sound cassette (22 min.) :$banalog, mono.
=500  \\$aRecorded in Ithaca, NY by Cornell University.
=500  \\$aAccompanied by: Notes.
=500  \\$aSponsored by: November 11th Committee.
=518  \\$aLecture, March 26, 1985.
=520  \\$aPowers chronicles the events which led to World War I and presents them as a warning against current military policies.
=650  \0$aNuclear warfare.
=650  \0$aWorld War, 1914-1918.
=651  \0$aUnited States$xHistory$y1914-1918.
=611  27$aWorld War (1914-1918)$2fast$0(OCoLC)fst01180746
=648  \7$a1914 - 1918$2fast
=650  \7$aNuclear warfare$2fast$0(OCoLC)fst01040920
=651  \7$aUnited States$2fast$0(OCoLC)fst01204155
=899  1\$aCULectures
=905  \\$a20000413120000.0
=948  2\$a20141221$bm$dbatch$elts$xaddfast

