=LDR  01383cim  22003612u 4500
=001  3600936
=005  20151214182738.0
=007  ss|lmnjluz|nuu
=008  991101s1985\\\\nyunnn\\\\\\\\\l\\\\eng\d
=035  \\$a(NIC)notisASF8001
=035  \\$a3600936
=035  \\$a(OCoLC)63896824
=040  \\$aNIC$cNIC$dNIC$dNIC
=100  1\$aWilliams, L. Pearce,$d1927-2015.
=245  10$aCornell 1969-1985:  liberalism to conservatism?$h[sound recording]
=260  \\$c1985.
=300  \\$a1 sound cassette (86 min.) :$banalog, mono.
=500  \\$aRecorded in Ithaca, NY by Cornell University.
=518  \\$aLecture, March 19, 1985.
=520  \\$aWilliams and Burak discuss the topic of student activism and political orientation of Cornell students at the present as compared to the 1960's.
=610  20$aCornell University$xHistory.
=650  \0$aYouth$xPolitical activity.
=650  \0$aStudent movements.
=650  \0$aStudents$xPolitical activity.
=610  27$aCornell University$2fast$0(OCoLC)fst00530369
=650  \7$aStudent movements$2fast$0(OCoLC)fst01135954
=650  \7$aStudents$xPolitical activity$2fast$0(OCoLC)fst01136098
=650  \7$aYouth$xPolitical activity$2fast$0(OCoLC)fst01183486
=655  \7$aHistory$2fast$0(OCoLC)fst01411628
=700  1\$aBurak, David,$d1945-
=899  1\$aCULectures
=905  \\$a20000407120000.0
=948  2\$a20141221$bm$dbatch$elts$xaddfast

