=LDR  01453cim  22003852u 4500
=001  3600942
=005  20151214182739.0
=007  ss|lmnjluz|nuu
=008  991101s1985\\\\nyunnn\\\\\\\\\l\\\\eng\d
=035  \\$a(NIC)notisASF8007
=035  \\$a3600942
=035  \\$a(OCoLC)63896832
=040  \\$aNIC$cNIC$dNIC$dNIC
=100  1\$aBenhabib, Seyla.
=245  14$aThe utopian dimension in communicative ethics$h[sound recording]
=260  \\$c1985.
=300  \\$a1 sound cassette (78 min.) :$banalog, mono.
=500  \\$aRecorded in Ithaca, NY by Cornell University.
=500  \\$aSponsored by: German Literature, Department of,Women's Studies Program.
=518  \\$aLecture, March 16, 1985.
=520  \\$aBenhabib explains the latent utopianism evident in Habermas' view of communicative ethics. Miller serves as discussant.
=600  10$aHabermas, Jurgen.
=650  \0$aGerman literature$y20th century.
=650  \0$aFrankfurt school of sociology.
=650  \0$aUtopias in literature.
=600  17$aHabermas, J{uml}urgen$2fast$0(OCoLC)fst00028860
=648  \7$a1900 - 1999$2fast
=650  \7$aFrankfurt school of sociology$2fast$0(OCoLC)fst00933734
=650  \7$aGerman literature$2fast$0(OCoLC)fst00941797
=650  \7$aUtopias in literature$2fast$0(OCoLC)fst01163372
=700  1\$aMiller, Richard.
=830  \0$aRationality and modern society.
=899  1\$aCULectures
=905  \\$a20000330120000.0
=948  2\$a20141221$bm$dbatch$elts$xaddfast

