=LDR  01530cim  22003852u 4500
=001  3600944
=005  20151214182739.0
=007  ss|lmnjluz|nuu
=008  991101s1985\\\\nyunnn\\\\\\\\\l\\\\eng\d
=035  \\$a(NIC)notisASF8009
=035  \\$a3600944
=035  \\$a(OCoLC)63896835
=040  \\$aNIC$cNIC$dNIC       $dNIC
=100  1\$aCuller, Jonathan D.
=245  10$aCommunicative competence and normative force$h[sound recording]
=260  \\$c1985.
=300  \\$a1 sound cassette (75 min.) :$banalog, mono.
=500  \\$aRecorded in Ithaca, NY by Cornell University.
=500  \\$aSponsored by: German Literature, Department of,Women's Studies Program.
=518  \\$aLecture, March 16, 1985.
=520  \\$aCuller discusses Habermas' notion of communication and literary principles and his study of language in its relation to action. Mohanty serves as discussant.
=600  10$aHabermas, J{uml}urgen.
=650  \0$aGerman literature$y20th century.
=650  \0$aFrankfurt school of sociology.
=650  \0$aLanguage and languages.
=600  17$aHabermas, J{uml}urgen$2fast$0(OCoLC)fst00028860
=648  \7$a1900 - 1999$2fast
=650  \7$aFrankfurt school of sociology$2fast$0(OCoLC)fst00933734
=650  \7$aGerman literature$2fast$0(OCoLC)fst00941797
=650  \7$aLanguage and languages$2fast$0(OCoLC)fst00992154
=700  1\$aMohanty, Satya P.$q(Satya Prakash),$d1954-
=830  \0$aRationality and modern society.
=899  1\$aCULectures
=905  \\$a20000315120000.0
=948  2\$a20141221$bm$dbatch$elts$xaddfast

