=LDR  01315cim  22003252u 4500
=001  3600993
=005  20151214182747.0
=007  ss|lmnjluz|nuu
=008  991101s1985\\\\nyunnn\\\\\\\\\l\\\\eng\d
=035  \\$a(NIC)notisASF8058
=035  \\$a3600993
=035  \\$a(OCoLC)63896898
=040  \\$aNIC$cNIC$dNIC$dNIC
=100  1\$aKabashima, Ikuo,$d1947-
=245  10$aPopular support and the stability of the liberal democratic party regime in Japan$h[sound recording]
=260  \\$c1985.
=300  \\$a1 sound cassette (73 min.) :$banalog, mono.
=500  \\$aRecorded in Ithaca, NY by Cornell University.
=500  \\$aAccompanied by: Notes.
=500  \\$aSponsored by: China-Japan Program.
=518  \\$aLecture, March 11, 1985.
=520  \\$aKabashima discusses the processes which helped maintain the power of the Liberal Democratic Party (LDP) for the last 30 years, particularly in reference to political corruption and the political system's reaction to it.
=651  \0$aJapan$xPolitics and government.
=650  \0$aPolitical parties$zJapan.
=650  \7$aPolitical parties$2fast$0(OCoLC)fst01069410
=650  \7$aPolitical science$2fast$0(OCoLC)fst01069781
=651  \7$aJapan$2fast$0(OCoLC)fst01204082
=899  1\$aCULectures
=905  \\$a20000428120000.0
=948  2\$a20141221$bm$dbatch$elts$xaddfast

