=LDR  01490cim  22003372u 4500
=001  3601009
=005  20151214182749.0
=007  ss|lmnjluz|nuu
=008  991101s1985\\\\nyunnn\\\\\\\\\l\\\\eng\d
=035  \\$a(NIC)notisASF8074
=035  \\$a3601009
=035  \\$a(OCoLC)63896923
=040  \\$aNIC$cNIC$dNIC
=100  1\$aBeneria, Lourdes.
=245  10$aWomen, development and the international economy$h[sound recording]
=260  \\$c1985.
=300  \\$a1 sound cassette (84 min.) :$banalog, mono.
=500  \\$aRecorded in Ithaca, NY by Cornell University.
=500  \\$aSponsored by: City and Regional Planning, Department of,Women's Studies Program.
=500  \\$aSpeaker(s): Beneria is a member of the economics department at Rutgers University. (In 1986, she joined the faculty in the department of City and Regional Planning, Cornell.)
=518  \\$aLecture, March 1, 1985.
=520  \\$aBeneria discusses the involvement of women in economic development around the world and describes the manner in which research has evolved in this field over the past 15 years.
=650  \0$aWomen in rural development.
=650  \0$aEconomic development.
=650  \0$aWomen$xSocial conditions.
=650  \7$aEconomic development$2fast$0(OCoLC)fst00901785
=650  \7$aWomen in rural development$2fast$0(OCoLC)fst01177966
=650  \7$aWomen$xSocial conditions$2fast$0(OCoLC)fst01176947
=899  1\$aCULectures
=905  \\$a19991201120000.0
=948  2\$a20141221$bm$dbatch$elts$xaddfast

