=LDR  01414cim  22003492u 4500
=001  3601019
=005  20151214182750.0
=007  ss|lmnjluz|nuu
=008  991101s1985\\\\nyunnn\\\\\\\\\l\\\\eng\d
=035  \\$a(NIC)notisASF8084
=035  \\$a3601019
=035  \\$a(OCoLC)63896937
=040  \\$aNIC$cNIC$dNIC
=100  1\$aHoffmann, Roald.
=245  10$aOne culture: creative modes common to the arts and sciences$h[sound recording]
=260  \\$c1985.
=300  \\$a1 sound cassette (73 min.) :$banalog, mono.
=500  \\$aRecorded in Ithaca, NY by Cornell University.
=500  \\$aSponsored by: Society for the Humanities.
=518  \\$aLecture, February 6, 1985.
=520  \\$aHoffmann discusses the rift between scientists and humanists.  He presents three case studies of chemistry, poetry, and visual arts and describes the similarities common to these fields.
=650  \0$aEducation$xStudy and teaching.
=650  \0$aScience$xStudy and teaching.
=650  \0$aArt$xStudy and teaching.
=650  \0$aScience and the humanities.
=650  \7$aArt$xStudy and teaching$2fast$0(OCoLC)fst00815338
=650  \7$aEducation$xStudy and teaching$2fast$0(OCoLC)fst00902796
=650  \7$aScience and the humanities$2fast$0(OCoLC)fst01108559
=650  \7$aScience$xStudy and teaching$2fast$0(OCoLC)fst01108387
=899  1\$aCULectures
=905  \\$a19991201120000.0
=948  2\$a20141221$bm$dbatch$elts$xaddfast

