=LDR  01134cim  22003132u 4500
=001  3601042
=005  20151214182753.0
=007  ss|lmnjluz|nuu
=008  991101s1984\\\\nyunnn\\\\\\\\\l\\\\eng\d
=035  \\$a(NIC)notisASF8107
=035  \\$a3601042
=035  \\$a(OCoLC)63896972
=040  \\$aNIC$cNIC$dNIC
=100  1\$aCaplan, Paula J.
=245  14$aThe myth of women's masochism$h[sound recording]
=260  \\$c1984.
=300  \\$a1 sound cassette (80 min.) :$banalog, mono.
=500  \\$aRecorded in Ithaca, NY by Cornell University.
=500  \\$aSponsored by: Women's Studies Program,University Health Services.
=518  \\$aLecture, November 15, 1984.
=520  \\$aCaplan describes a number of ideas which surround sex differences, particularly those which relate to female "masochism".
=650  \0$aSex differences.
=650  \0$aMasochism$xSex differences.
=650  \0$aPsychology, Pathological.
=650  \7$aPsychology, Pathological$2fast$0(OCoLC)fst01081609
=650  \7$aSex differences$2fast$0(OCoLC)fst01114321
=899  1\$aCULectures
=905  \\$a19991201120000.0
=948  2\$a20141221$bm$dbatch$elts$xaddfast

