=LDR  01692cim  22004212u 4500
=001  3601050
=005  20151214182754.0
=007  ss|lmnjluz|nuu
=008  991101s1984\\\\nyunnn\\\\\\\\\l\\\\eng\d
=035  \\$a(NIC)notisASF8115
=035  \\$a3601050
=035  \\$a(OCoLC)63896985
=040  \\$aNIC$cNIC$dNIC$dNIC
=100  1\$aKatzenstein, Peter J.
=245  14$aThe 'German Question' reopened$h[sound recording]
=260  \\$c1984.
=300  \\$a1 sound cassette (52 min.) :$banalog, mono.
=500  \\$aRecorded in Ithaca, NY by Cornell University.
=500  \\$aAccompanied by: Notes.
=500  \\$aSponsored by: Western Societies Program.
=500  \\$aSpeaker(s): Katzenstein is a professor in the Government Department, Cornell.
=518  \\$aLecture, November 10, 1984.
=520  \\$aKatzenstein emphasizes the contradictory elements inherent in the German reunification question.
=651  \0$aGermany (East)$xSocial conditions$y1945-
=650  \0$aGerman reunification question (1949-1990)
=650  \0$aNationalism.
=651  \0$aGermany (East)$xForeign relations$zGermany (West)
=611  27$aGerman reunification question (1949-1990)$2fast$0(OCoLC)fst00941961
=648  \7$aSince 1945$2fast
=650  \7$aDiplomatic relations$2fast$0(OCoLC)fst01907412
=650  \7$aNationalism$2fast$0(OCoLC)fst01033832
=650  \7$aSocial history$2fast$0(OCoLC)fst01122498
=651  \7$aGermany (East)$2fast$0(OCoLC)fst01210274
=651  \7$aGermany (West)$2fast$0(OCoLC)fst01210273
=830  \0$aEast Germany, West Germany and the Soviet Union:  the changing relationship.
=899  1\$aCULectures
=905  \\$a20000403120000.0
=948  2\$a20141221$bm$dbatch$elts$xaddfast

