=LDR  01314cim  22003732u 4500
=001  3601059
=005  20151214182756.0
=007  ss|lmnjluz|nuu
=008  991101s1984\\\\nyunnn\\\\\\\\\l\\\\eng\d
=035  \\$a(NIC)notisASF8124
=035  \\$a3601059
=035  \\$a(OCoLC)63896996
=040  \\$aNIC$cNIC$dNIC$dNIC
=100  1\$aGrundberg, Andy.
=245  10$aMasking and unmasking of photography in post-modernism$h[sound recording]
=260  \\$c1984.
=300  \\$a1 sound cassette (54 min.) :$banalog, mono.
=500  \\$aRecorded in Ithaca, NY by Cornell University.
=500  \\$aSponsored by: Art, Department of.
=500  \\$aSpeaker(s): Grundberg is a visiting artist.
=518  \\$aLecture, November 14, 1984.
=520  \\$aGrundberg defines postmodernism and describes its importance.
=650  \0$aArts, Modern$y20th century.
=650  \0$aPostmodernism.
=650  \0$aPhotography, Artistic.
=650  \0$aPhotography, Abstract.
=648  \7$a1900 - 1999$2fast
=650  \7$aArts, Modern$2fast$0(OCoLC)fst00818137
=650  \7$aPhotography, Abstract$2fast$0(OCoLC)fst01061962
=650  \7$aPhotography, Artistic$2fast$0(OCoLC)fst01061964
=650  \7$aPostmodernism$2fast$0(OCoLC)fst01073164
=899  1\$aCULectures
=905  \\$a20000121120000.0
=948  2\$a20141221$bm$dbatch$elts$xaddfast

