=LDR  01234cim  22003252u 4500
=001  3601073
=005  20151214182757.0
=007  ss|lmnjluz|nuu
=008  991101s1984\\\\nyunnn\\\\\\\\\l\\\\eng\d
=035  \\$a(NIC)notisASF8138
=035  \\$a3601073
=035  \\$a(OCoLC)63897014
=040  \\$aNIC$cNIC$dNIC$dNIC
=100  1\$aGoodstein, David B.,$d1932-
=245  10$aCan social change be achieved through the United States' political system?$h[sound recording]
=260  \\$c1984.
=300  \\$a1 sound cassette (60 min.) :$banalog, mono.
=500  \\$aRecorded in Ithaca, NY by Cornell University.
=518  \\$aLecture, October 30, 1984.
=520  \\$aGoodstein discusses social change which has occurred during the past 20 years and its implications for the U.S. political system.
=650  \0$aPolitics, Practical.
=650  \0$aSocial change.
=651  \0$aUnited States$xPolitics and government.
=650  \7$aPolitical science$2fast$0(OCoLC)fst01069781
=650  \7$aPolitics, Practical$2fast$0(OCoLC)fst01069977
=650  \7$aSocial change$2fast$0(OCoLC)fst01122310
=651  \7$aUnited States$2fast$0(OCoLC)fst01204155
=899  1\$aCULectures
=905  \\$a20000214120000.0
=948  2\$a20141221$bm$dbatch$elts$xaddfast

