=LDR  01271cim  22003492u 4500
=001  3601074
=005  20151214182757.0
=007  ss|lmnjluz|nuu
=008  991101s1984\\\\nyunnn\\\\\\\\\l\\\\eng\d
=035  \\$a(NIC)notisASF8139
=035  \\$a3601074
=035  \\$a(OCoLC)63897016
=040  \\$aNIC$cNIC$dNIC$dNIC
=100  1\$aKleihues, Josef Paul.
=245  10$aBerlin architecture and urban design since 1900$h[sound recording]
=260  \\$c1984.
=300  \\$a1 sound cassette (79 min.) :$banalog, mono.
=500  \\$aRecorded in Ithaca, NY by Cornell University.
=518  \\$aLecture, October 31, 1984.
=520  \\$aKleihues describes several of the civic designs which were suggested for Berlin during the period 1900-1965.
=540  \\$aNo reproductions authorized.
=650  \0$aArchitecture$zGermany$y1900-1965.
=650  \0$aCity planning$zGermany$zBerlin.
=648  \7$a1900 - 1965$2fast
=650  \7$aArchitecture$2fast$0(OCoLC)fst00813346
=650  \7$aCity planning$2fast$0(OCoLC)fst00862177
=651  \7$aGermany$2fast$0(OCoLC)fst01210272
=651  \7$aGermany$zBerlin$2fast$0(OCoLC)fst01204829
=830  \0$aPreston H. Thomas memorial lectures.
=899  1\$aCULectures
=905  \\$a20000313120000.0
=948  2\$a20141221$bm$dbatch$elts$xaddfast

