=LDR  01275cim  22003132u 4500
=001  3601076
=005  20151214182758.0
=007  ss|lmnjluz|nuu
=008  991101s1984\\\\nyunnn\\\\\\\\\l\\\\eng\d
=035  \\$a(NIC)notisASF8141
=035  \\$a3601076
=035  \\$a(OCoLC)63897019
=040  \\$aNIC$cNIC$dNIC$dNIC
=100  1\$aWeisskopf, Victor Frederick,$d1908-2002.
=245  10$aHow to avoid nuclear war$h[sound recording]
=260  \\$c1984.
=300  \\$a1 sound cassette (70 min.) :$banalog, mono.
=500  \\$aRecorded in Ithaca, NY by Cornell University.
=500  \\$aSponsored by: Center for World Community,Interreligious International Ministries Committee (IRIM).
=518  \\$aLecture, October 31, 1984.
=520  \\$aWeisskopf discusses nuclear war, the cold war, and the present realities of the Strategic Defense Initiative (SDI).  He describes the work of antinuclear activists and their influence on public policy.
=650  \0$aAntinuclear movement.
=650  \0$aNuclear disarmament.
=650  \7$aAntinuclear movement$2fast$0(OCoLC)fst00810626
=650  \7$aNuclear disarmament$2fast$0(OCoLC)fst01039933
=830  \0$aAmerica and the world community.
=899  1\$aCULectures
=905  \\$a20000406120000.0
=948  2\$a20141221$bm$dbatch$elts$xaddfast

