=LDR  01194cim  22003252u 4500
=001  3601081
=005  20151214182758.0
=007  ss|lmnjluz|nuu
=008  991101s1984\\\\nyunnn\\\\\\\\\l\\\\eng\d
=035  \\$a(NIC)notisASF8146
=035  \\$a3601081
=035  \\$a(OCoLC)63897025
=040  \\$aNIC$cNIC$dNIC$dNIC
=100  1\$aKleihues, Josef Paul.
=245  10$aArchitecture between individualism and convention$h[sound recording]
=260  \\$c1984.
=300  \\$a1 sound cassette (84 min.) :$banalog, mono.
=500  \\$aRecorded in Ithaca, NY by Cornell University.
=518  \\$aLecture, November 2, 1984.
=520  \\$aKleihues describes the current architectual designs being used in the renovation of inner-city Berlin.
=650  \0$aBerlin (Germany) 
=650  \0$aArchitecture$zGermany.
=650  \0$aArchitecture$xConservation and restoration.
=650  \7$aArchitecture$2fast$0(OCoLC)fst00813346
=650  \7$aArchitecture$xConservation and restoration$2fast$0(OCoLC)fst00813377
=651  \7$aGermany$2fast$0(OCoLC)fst01210272
=830  \0$aPreston H. Thomas memorial lectures.
=899  1\$aCULectures
=905  \\$a20000313120000.0
=948  2\$a20141221$bm$dbatch$elts$xaddfast

