=LDR  01295cim  22003492u 4500
=001  3601102
=005  20151214182801.0
=007  ss|lmnjluz|nuu
=008  991101s1984\\\\nyunnn\\\\\\\\\l\\\\eng\d
=035  \\$a(NIC)notisASF8167
=035  \\$a3601102
=035  \\$a(OCoLC)63897056
=040  \\$aNIC$cNIC$dNIC
=100  1\$aSocolow, Sanford.
=245  10$aTalk on what makes "60 Minutes" tick$h[sound recording]
=260  \\$c1984.
=300  \\$a1 sound cassette (55 min.) :$banalog, mono.
=500  \\$aRecorded in Ithaca, NY by Cornell University.
=500  \\$aSponsored by: Sigma Delta Chi,Cornell Daily Sun,The Society of Professional Journalists.
=518  \\$aLecture, November 7, 1984.
=520  \\$aSocolow chronicles the history of "60 Minutes".
=540  \\$aNo reproductions authorized.
=650  \0$aTelevision programs$xReviews.
=650  \0$aDocumentary television programs.
=650  \0$aTelevision broadcasting of news.
=650  \7$aDocumentary television programs$2fast$0(OCoLC)fst00896100
=650  \7$aTelevision broadcasting of news$2fast$0(OCoLC)fst01146787
=650  \7$aTelevision programs$2fast$0(OCoLC)fst01147026
=655  \7$aReviews$2fast$0(OCoLC)fst01423760
=899  1\$aCULectures
=905  \\$a19991201120000.0
=948  2\$a20141221$bm$dbatch$elts$xaddfast

