=LDR  01170cim  22003252u 4500
=001  3601108
=005  20151214182802.0
=007  ss|lmnjluz|nuu
=008  991101s1984\\\\nyunnn\\\\\\\\\l\\\\eng\d
=035  \\$a(NIC)notisASF8173
=035  \\$a3601108
=035  \\$a(OCoLC)63897065
=040  \\$aNIC$cNIC$dNIC$dNIC
=100  1\$aCerteau, Michel de.
=245  14$aThe problem of believing preliminaries to an historical anthropology of believability$h[sound recording]
=260  \\$c1984.
=300  \\$a1 sound cassette (90 min.) :$banalog, mono.
=500  \\$aRecorded in Ithaca, NY by Cornell University.
=500  \\$aSponsored by: University Lectures Committee.
=518  \\$aLecture, April 16, 1984.
=520  \\$adeCerteau discusses the role of belief in primitive cultures.
=650  \0$aBelief and doubt.
=650  \0$aBelief, Problem of (Literature)
=650  \0$aAnthropology.
=650  \7$aAnthropology$2fast$0(OCoLC)fst00810196
=650  \7$aBelief and doubt$2fast$0(OCoLC)fst00830124
=650  \7$aBelief, Problem of (Literature)$2fast$0(OCoLC)fst00830133
=899  1\$aCULectures
=905  \\$a20000303120000.0
=948  2\$a20141221$bm$dbatch$elts$xaddfast

