=LDR  01103cim  22003012u 4500
=001  3601114
=005  20151214182803.0
=007  ss|lmnjluz|nuu
=008  991101s1982\\\\nyunnn\\\\\\\\\l\\\\eng\d
=035  \\$a(NIC)notisASF8179
=035  \\$a3601114
=035  \\$a(OCoLC)63897076
=040  \\$aNIC$cNIC$dNIC
=100  1\$aChoay, Fran{cedil}coise.
=245  10$aTheory of architecture:  conflicting roles of myth$h[sound recording]
=260  \\$c1982.
=300  \\$a2 sound cassettes (80 min.) :$banalog, mono.
=500  \\$aRecorded in Ithaca, NY by Cornell University.
=500  \\$aSponsored by: Architecture, Department of.
=518  \\$aLecture, October 14, 1982.
=520  \\$aChoay outlines the concepts of myth, history, and remembrance and their relationship to the built environment.
=540  \\$aNo reproductions authorized.
=650  \0$aArchitecture$xStudy and teaching.
=650  \7$aArchitecture$xStudy and teaching$2fast$0(OCoLC)fst00813524
=830  \0$aPreston H. Thomas memorial lectures.
=899  1\$aCULectures
=905  \\$a20000310120000.0
=948  2\$a20141221$bm$dbatch$elts$xaddfast

