=LDR  01538cim  22003732u 4500
=001  3601123
=005  20151214182804.0
=007  ss|lmnjluz|nuu
=008  991101s1984\\\\nyunnn\\\\\\\\\l\\\\eng\d
=035  \\$a(NIC)notisASF8188
=035  \\$a3601123
=035  \\$a(OCoLC)63897087
=040  \\$aNIC$cNIC$dNIC
=100  1\$aDerrida, Jacques.
=245  10$aInvention in the nuclear age--no apocalypse, not now$h[sound recording]
=260  \\$c1984.
=300  \\$a2 sound cassettes (75 min.) :$banalog, mono.
=500  \\$aRecorded in Ithaca, NY by Cornell University.
=500  \\$aSponsored by: Peace Studies Program,University Lectures Committee,Western Societies Program,Arts and Sciences, College of,Women's Studies Program,Romance Studies, Department of.
=518  \\$aLecture, April 20, 1984.
=520  \\$aDerrida distinguishes between the fiction and reality of nuclear war, places the nuclear age within the context of history, and clarifies the role of the critic in nuclear discourse.
=650  \0$aInventions.
=650  \0$aNuclear warfare$xSocial aspects.
=650  \0$aDiscourse analysis.
=650  \0$aSemiotics.
=650  \7$aDiscourse analysis$2fast$0(OCoLC)fst00894932
=650  \7$aInventions$2fast$0(OCoLC)fst00977993
=650  \7$aNuclear warfare$xSocial aspects$2fast$0(OCoLC)fst01040951
=650  \7$aSemiotics$2fast$0(OCoLC)fst01112351
=830  \0$aNuclear criticism.
=830  \0$aDiacritics colloquia.
=899  1\$aCULectures
=905  \\$a19991201120000.0
=948  2\$a20141221$bm$dbatch$elts$xaddfast

