=LDR  01591cim  22003972u 4500
=001  3601134
=005  20151214182806.0
=007  ss|lmnjluz|nuu
=008  991101s1984\\\\nyunnn\\\\\\\\\l\\\\eng\d
=035  \\$a(NIC)notisASF8199
=035  \\$a3601134
=035  \\$a(OCoLC)63897109
=040  \\$aNIC$cNIC$dNIC$dNIC
=100  1\$aCerteau, Michel de.
=245  10$aSixteenth and seventeenth century Spanish and French mysticism, part 4$h[sound recording]
=260  \\$c1984.
=300  \\$a2 sound cassettes (105 min.) :$banalog, mono.
=500  \\$aRecorded in Ithaca, NY by Cornell University.
=500  \\$aSponsored by: Society for the Humanities.
=518  \\$aLecture, October 3, 1984.
=520  \\$ade Certeau analyzes Juan de la Cruz's poetry in light of Spanish mysticism.
=650  \0$aMysticism in literature.
=650  \0$aLiterature$xHistory and criticism.
=650  \0$aComparative literature$xThemes, motives.
=650  \0$aSpanish literature$yClassical period, 1500-1700.
=650  \0$aFrench literature$y16th and 17th centuries.
=648  \7$a1500 - 1700$2fast
=650  \7$aComparative literature$xThemes, motives$2fast$0(OCoLC)fst01735633
=650  \7$aFrench literature$2fast$0(OCoLC)fst00934688
=650  \7$aLiterature$2fast$0(OCoLC)fst00999953
=650  \7$aMysticism in literature$2fast$0(OCoLC)fst01031668
=650  \7$aSpanish literature$xClassical period$2fast$0(OCoLC)fst01711000
=655  \7$aCriticism, interpretation, etc.$2fast$0(OCoLC)fst01411635
=899  1\$aCULectures
=905  \\$a20000303120000.0
=948  2\$a20141221$bm$dbatch$elts$xaddfast

