=LDR  01369cim  22003372u 4500
=001  3601137
=005  20151214182806.0
=007  ss|lmnjluz|nuu
=008  991101s1984\\\\nyunnn\\\\\\\\\l\\\\eng\d
=035  \\$a(NIC)notisASF8202
=035  \\$a3601137
=035  \\$a(OCoLC)63897112
=040  \\$aNIC$cNIC$dNIC$dNIC
=100  1\$aPempel, Alice McDowell.
=245  10$aSpirituality, femininity, and world community$h[sound recording]
=260  \\$c1984.
=300  \\$a1 sound cassette (65 min.) :$banalog, mono.
=500  \\$aRecorded in Ithaca, NY by Cornell University.
=500  \\$aSponsored by: Center for World Community,Interreligious International Ministries Committee (IRIM).
=518  \\$aLecture, October 3, 1984.
=520  \\$aPempel discusses yin and yang, or feminine and masculine characteristics, and the need for more yin in our society. She asserts that we must begin to concentrate more on being than on doing and to make time for solitude.
=650  \0$aYin-yang.
=650  \0$aSpiritual life.
=650  \0$aFemininity (Philosophy)
=650  \7$aFemininity (Philosophy)$2fast$0(OCoLC)fst00922662
=650  \7$aSpiritual life$2fast$0(OCoLC)fst01130100
=650  \7$aYin-yang$2fast$0(OCoLC)fst01182853
=830  \0$aAmerica and the world community.
=899  1\$aCULectures
=905  \\$a20000331120000.0
=948  2\$a20141221$bm$dbatch$elts$xaddfast

