=LDR  01745cim  22003852u 4500
=001  3601138
=005  20151214182806.0
=007  ss|lmnjluz|nuu
=008  991101s1984\\\\nyunnn\\\\\\\\\l\\\\eng\d
=035  \\$a(NIC)notisASF8203
=035  \\$a3601138
=035  \\$a(OCoLC)63897114
=040  \\$aNIC$cNIC$dNIC$dNIC
=100  1\$a{caron}Skvoreck{acute}y, Josef,$d1924-2012.
=245  10$aJazz and literary culture in Czechoslovakia today$h[sound recording]
=260  \\$c1984.
=300  \\$a1 sound cassette (61 min.) :$banalog, mono.
=500  \\$aRecorded in Ithaca, NY by Cornell University.
=500  \\$aSponsored by: Russian Literature, Department of.
=518  \\$aLecture, October 4, 1984.
=520  \\$aSkovorecky discusses the Communist repression of the Czech government, especially in the literary and musical fields, since 1968. Particular attention is paid to the development of jazz and punk rock music in Czechoslovakia, the necessary ideological compromises with the present regime, the domestic sources of information on music composed in Czechoslovakia, and the realities of "culture control" by the authorities in this area.
=650  \0$aMusic$zCzechoslovakia.
=651  \0$aCzechoslovakia$xSocial conditions$y1945-1992.
=650  \0$aSocial history$zCzechoslovakia.
=650  \0$aJazz.
=650  \0$aPolitics and literature.
=648  \7$a1945 - 1992$2fast
=650  \7$aJazz$2fast$0(OCoLC)fst00982165
=650  \7$aMusic$2fast$0(OCoLC)fst01030269
=650  \7$aPolitics and literature$2fast$0(OCoLC)fst01069960
=650  \7$aSocial history$2fast$0(OCoLC)fst01122498
=651  \7$aCzechoslovakia$2fast$0(OCoLC)fst01212490
=899  1\$aCULectures
=905  \\$a20000324120000.0
=948  2\$a20141221$bm$dbatch$elts$xaddfast

