=LDR  01524cim  22003732u 4500
=001  3601141
=005  20151214182807.0
=007  ss|lmnjluz|nuu
=008  991101s1984\\\\nyunnn\\\\\\\\\l\\\\eng\d
=035  \\$a(NIC)notisASF8206
=035  \\$a3601141
=035  \\$a(OCoLC)63897118
=040  \\$aNIC$cNIC$dNIC
=100  1\$aHarris, Robert.
=245  14$aThe humanities in everyday life and public policy$h[sound recording]
=260  \\$c1984.
=300  \\$a1 sound cassette (90 min.) :$banalog, mono.
=500  \\$aRecorded in Ithaca, NY by Cornell University.
=500  \\$aSponsored by: Society for the Humanities.
=518  \\$aLecture, October 5, 1984.
=520  \\$aThe five speakers discusss topics such as the problems facing foreign-language students in American universities, conflicts over the distribution of the National Endowment for the Humanities funds, and the need for public acknowledgement of foreign cultural concerns by the National Endowment for the Humanities.
=650  \0$aEducation and state.
=650  \0$aEducation$xPolitical aspects.
=650  \0$aHumanities.
=650  \7$aEducation and state$2fast$0(OCoLC)fst00902835
=650  \7$aEducation$xPolitical aspects$2fast$0(OCoLC)fst00902728
=650  \7$aHumanities$2fast$0(OCoLC)fst00963588
=700  1\$aStimpson, Catharine R.,$d1936- 
=700  1\$aNorton, Mary Beth.
=700  1\$aMarshall, Jeffrey.
=700  1\$aLanham, Richard A.
=899  1\$aCULectures
=905  \\$a20000327120000.0
=948  2\$a20141221$bm$dbatch$elts$xaddfast

