=LDR  01501cim  22003612u 4500
=001  3601147
=005  20151214182807.0
=007  ss|lmnjluz|nuu
=008  991101s1984\\\\nyunnn\\\\\\\\\l\\\\eng\d
=035  \\$a(NIC)notisASF8212
=035  \\$a3601147
=035  \\$a(OCoLC)63897128
=040  \\$aNIC$cNIC$dNIC$dNIC
=100  1\$aKatzenstein, Mary Fainsod,$d1945-
=245  10$aAssessing Reagan's record: women's concerns$h[sound recording]
=260  \\$c1984.
=300  \\$a1 sound cassette (81 min.) :$banalog, mono.
=500  \\$aRecorded in Ithaca, NY by Cornell University.
=518  \\$aLecture, October 9, 1984.
=520  \\$aKatzenstein speaks of Reagan's attempts to reestablish the patriarchal family as predominant in the U.S. Feldman speaks of Reagan's attempts to curtail federal medical assistance for the elderly, a disproportionate number of whom are living in poverty.
=610  10$aUnited States.$bPresident (1981-1989 : Reagan)
=600  10$aReagan, Ronald.
=650  \0$aWomen$zUnited States$xSocial conditions$y1980-
=650  \0$aWomen$xLegal status, laws, etc.
=600  17$aReagan, Ronald$2fast$0(OCoLC)fst00036392
=648  \7$aSince 1980$2fast
=650  \7$aWomen$xLegal status, laws, etc.$2fast$0(OCoLC)fst01176824
=650  \7$aWomen$xSocial conditions$2fast$0(OCoLC)fst01176947
=651  \7$aUnited States$2fast$0(OCoLC)fst01204155
=700  1\$aFeldman, Margaret.
=899  1\$aCULectures
=905  \\$a20000417120000.0
=948  2\$a20141221$bm$dbatch$elts$xaddfast

