=LDR  01520cim  22003732u 4500
=001  3601148
=005  20151214182807.0
=007  ss|lmnjluz|nuu
=008  991101s1984\\\\nyunnn\\\\\\\\\l\\\\eng\d
=035  \\$a(NIC)notisASF8213
=035  \\$a3601148
=035  \\$a(OCoLC)63897129
=040  \\$aNIC$cNIC$dNIC$dNIC
=100  1\$aCerteau, Michel de. 
=245  10$aSixteenth and seventeenth century Spanish and French mysticism, part 5$h[sound recording]
=260  \\$c1984.
=300  \\$a2 sound cassettes (105 min.) :$banalog, mono.
=500  \\$aRecorded in Ithaca, NY by Cornell University.
=500  \\$aSponsored by: Society for the Humanities.
=518  \\$aLecture, October 10, 1984.
=520  \\$ade Certeau discusses the criteria necessary for recognizing mystical texts as such and suggests ways in which mystical texts may be analyzed.
=650  \0$aMysticism in literature.
=650  \0$aLiterature$xHistory and criticism.
=650  \0$aSpanish literature$yClassical period, 1500-1700.
=650  \0$aFrench literature$y16th and 17th centuries.
=648  \7$a1500 - 1700$2fast
=650  \7$aFrench literature$2fast$0(OCoLC)fst00934688
=650  \7$aLiterature$2fast$0(OCoLC)fst00999953
=650  \7$aMysticism in literature$2fast$0(OCoLC)fst01031668
=650  \7$aSpanish literature$xClassical period$2fast$0(OCoLC)fst01711000
=655  \7$aCriticism, interpretation, etc.$2fast$0(OCoLC)fst01411635
=899  1\$aCULectures
=905  \\$a20000303120000.0
=948  2\$a20141221$bm$dbatch$elts$xaddfast

