=LDR  01617cim  22003852u 4500
=001  3601159
=005  20151214182808.0
=007  ss|lmnjluz|nuu
=008  991101s1984\\\\nyunnn\\\\\\\\\l\\\\eng\d
=035  \\$a(NIC)notisASF8224
=035  \\$a3601159
=035  \\$a(OCoLC)63897151
=040  \\$aNIC$cNIC$dNIC$dNIC
=100  1\$aQuinones, Riccardo.
=245  10$aUlysses' brother: the Cain and Abel theme in Dante and Machiavelli$h[sound recording]
=260  \\$c1984.
=300  \\$a1 sound cassette (70 min.) :$banalog, mono.
=500  \\$aRecorded in Ithaca, NY by Cornell University.
=518  \\$aLecture, October 22, 1984.
=520  \\$aQuinones describes the history of the Cain and Abel theme in literature, emphasizing Dante's use of it in the character of Ulysses and Machiavelli's "revolutionary" application of it in his work.
=650  \0$aComparative literature$xThemes, motives.
=650  \0$aPlots (Drama, novel, etc).
=650  \0$aCain complex.
=600  00$aDante Alighieri,$d1265-1321$xSymbolism.
=600  10$aMachiavelli, Niccolo,$d1469-1527$xSymbolism.
=600  07$aDante Alighieri,$d1265-1321$2fast$0(OCoLC)fst00029097
=600  17$aMachiavelli, Niccol{grave}o,$d1469-1527$2fast$0(OCoLC)fst00029240
=650  \7$aCain complex$2fast$0(OCoLC)fst00843919
=650  \7$aComparative literature$xThemes, motives$2fast$0(OCoLC)fst01735633
=650  \7$aPlots (Drama, novel, etc.)$2fast$0(OCoLC)fst01067227
=650  \7$aSymbolism$2fast$0(OCoLC)fst01140749
=830  \0$aRenaissance colloquia.
=899  1\$aCULectures
=905  \\$a20000315120000.0
=948  2\$a20141221$bm$dbatch$elts$xaddfast

