=LDR  01649cim  22004092u 4500
=001  3601174
=005  20151214182811.0
=007  ss|lmnjluz|nuu
=008  991101s1984\\\\nyunnn\\\\\\\\\l\\\\eng\d
=035  \\$a(NIC)notisASF8239
=035  \\$a3601174
=035  \\$a(OCoLC)63897173
=040  \\$aNIC$cNIC$dNIC$dNIC
=100  1\$aGreve, Michael S.
=245  10$aAssessing Reagan's record:  economic policy$h[sound recording]
=260  \\$c1984.
=300  \\$a1 sound cassette (91 min.) :$banalog, mono.
=500  \\$aRecorded in Ithaca, NY by Cornell University.
=500  \\$aSponsored by: Asian-American coalition,University Unions Programming Board,Africana Studies and Research Center.
=518  \\$aDebate, October 24, 1984.
=520  \\$aMcAdams points to the weaknesses in Reagan's economic policy while Greve defends it. Ranney emphasizes social justice concerns while Jachson focuses on the long-term societal effects of Reagan's policies.
=651  \0$aUnited States$xEconomic policy$y1980-
=651  \0$aUnited States$xSocial conditions$y1980-
=610  10$aUnited States.$bPresident (1981-1989 : Reagan)
=600  10$aReagan, Ronald.
=600  17$aReagan, Ronald$2fast$0(OCoLC)fst00036392
=648  \7$aSince 1980$2fast
=650  \7$aEconomic policy$2fast$0(OCoLC)fst00902025
=650  \7$aSocial history$2fast$0(OCoLC)fst01122498
=651  \7$aUnited States$2fast$0(OCoLC)fst01204155
=700  1\$aRanney, Christine K. 
=700  1\$aMcAdams, Alan.
=700  1\$aJackson, Steven.
=830  \0$aAssessing Reagan's Record.
=899  1\$aCULectures
=905  \\$a20000411120000.0
=948  2\$a20141221$bm$dbatch$elts$xaddfast

