=LDR  01287cim  22003492u 4500
=001  3601183
=005  20151214182813.0
=007  ss|lmnjluz|nuu
=008  991101s1984\\\\nyunnn\\\\\\\\\l\\\\eng\d
=035  \\$a(NIC)notisASF8248
=035  \\$a3601183
=035  \\$a(OCoLC)63897187
=040  \\$aNIC$cNIC$dNIC$dNIC
=100  1\$aHabermas, Jurgen.
=245  10$aFoucault's unmasking of the human sciences$h[sound recording]
=260  \\$c1984.
=300  \\$a1 sound cassette (90 min.) :$banalog, mono.
=500  \\$aRecorded in Ithaca, NY by Cornell University.
=500  \\$aSpeaker(s): Professor of sociology at the Frankfurt School, West Germany.
=518  \\$aLecture, September 12, 1984.
=520  \\$aHabermas examines the role of society in creating sciences' "great men".
=650  \0$aPhilosophy, Modern$y20th century.
=650  \0$aSocial science$xPhilosophy.
=600  10$aFoucault, Michel,$d1926-1984.
=600  17$aFoucault, Michel,$d1926-1984$2fast$0(OCoLC)fst01427415
=648  \7$a1900 - 1999$2fast
=650  \7$aPhilosophy, Modern$2fast$0(OCoLC)fst01061071
=830  \4$aThe philosophical discourse on modernity and postmodernity.
=830  \0$aMessenger lectures.
=899  1\$aCULectures
=905  \\$a20000508120000.0
=948  2\$a20141221$bm$dbatch$elts$xaddfast

