=LDR  01279cim  22003372u 4500
=001  3601184
=005  20151214182813.0
=007  ss|lmnjluz|nuu
=008  991101s1984\\\\nyunnn\\\\\\\\\l\\\\eng\d
=035  \\$a(NIC)notisASF8249
=035  \\$a3601184
=035  \\$a(OCoLC)63897189
=040  \\$aNIC$cNIC$dNIC$dNIC
=100  1\$aCerteau, Michel de.
=245  10$aSixteenth and seventeenth century Spanish and French mysticism, part 1$h[sound recording]
=260  \\$c1984.
=300  \\$a1 sound cassette (85 min.) :$banalog, mono.
=500  \\$aRecorded in Ithaca, NY by Cornell University.
=500  \\$aSponsored by: Society for the Humanities.
=518  \\$aLecture, September 12, 1984.
=520  \\$adeCerteau discusses literary mysticism in 16th and 17th century Spain and France.
=650  \0$aMysticism in literature.
=650  \0$aSpanish literature$yClassical period, 1500-1700.
=650  \0$aFrench literature$y17th and 18th century.
=648  \7$a1500 - 1799$2fast
=650  \7$aFrench literature$2fast$0(OCoLC)fst00934688
=650  \7$aMysticism in literature$2fast$0(OCoLC)fst01031668
=650  \7$aSpanish literature$xClassical period$2fast$0(OCoLC)fst01711000
=899  1\$aCULectures
=905  \\$a20000303120000.0
=948  2\$a20141221$bm$dbatch$elts$xaddfast

