=LDR  01308cim  22003492u 4500
=001  3601185
=005  20151214182813.0
=007  ss|lmnjluz|nuu
=008  991101s1984\\\\nyunnn\\\\\\\\\l\\\\eng\d
=035  \\$a(NIC)notisASF8250
=035  \\$a3601185
=035  \\$a(OCoLC)63897191
=040  \\$aNIC$cNIC$dNIC$dNIC
=100  1\$aHabermas, Jurgen.
=245  10$aBataille: between eroticism and economy of nature$h[sound recording]
=260  \\$c1984.
=300  \\$a2 sound cassettes (105 min.) :$banalog, mono.
=500  \\$aRecorded in Ithaca, NY by Cornell University.
=500  \\$aSpeaker(s): Professor of sociology at the Frankfurt School, West Germany.
=518  \\$aLecture, September 11, 1984.
=520  \\$aHabermas examines Bataille's views on modernity, postmodernity, and social theory.
=650  \0$aSocial science$xPhilosophy.
=650  \0$aPhilosophy, Modern$y20th century.
=600  10$aBataille, Georges,$d1897-1962.
=600  17$aBataille, Georges,$d1897-1962$2fast$0(OCoLC)fst00008540
=648  \7$a1900 - 1999$2fast
=650  \7$aPhilosophy, Modern$2fast$0(OCoLC)fst01061071
=830  \4$aThe philosophical discourse on modernity and postmodernity.
=830  \0$aMessenger lectures.
=899  1\$aCULectures
=905  \\$a20000508120000.0
=948  2\$a20141221$bm$dbatch$elts$xaddfast

