=LDR  01414cim  22003732u 4500
=001  3601188
=005  20151214182813.0
=007  ss|lmnjluz|nuu
=008  991101s1984\\\\nyunnn\\\\\\\\\l\\\\eng\d
=035  \\$a(NIC)notisASF8253
=035  \\$a3601188
=035  \\$a(OCoLC)63897198
=040  \\$aNIC$cNIC$dNIC$dNIC
=100  1\$aHabermas, Jurgen.
=245  10$aHeidegger's overcoming of occidental rationalism$h[sound recording]
=260  \\$c1984.
=300  \\$a1 sound cassette (62 min.) :$banalog, mono.
=500  \\$aRecorded in Ithaca, NY by Cornell University.
=500  \\$aSpeaker(s): Professor of sociology at the Frankfurt School, West Germany.
=518  \\$aLecture, September 10, 1984.
=520  \\$aHabermas discusses the theories of Heidegger and their relation to modernity, postmodernity and rationalism.
=650  \0$aSocial science$xPhilosophy.
=650  \0$aPhilosophy, Modern$y20th century.
=600  10$aHeidegger, Martin,$d1889-1976.
=650  \0$aRationalism.
=600  17$aHeidegger, Martin,$d1889-1976$2fast$0(OCoLC)fst00032385
=648  \7$a1900 - 1999$2fast
=650  \7$aPhilosophy, Modern$2fast$0(OCoLC)fst01061071
=650  \7$aRationalism$2fast$0(OCoLC)fst01090275
=830  \4$aThe philosophical discourse on modernity and postmodernity.
=830  \0$aMessenger lectures.
=899  1\$aCULectures
=905  \\$a20000508120000.0
=948  2\$a20141221$bm$dbatch$elts$xaddfast

