=LDR  01363cim  22003612u 4500
=001  3601190
=005  20151214182813.0
=007  ss|lmnjluz|nuu
=008  991101s1984\\\\nyunnn\\\\\\\\\l\\\\eng\d
=035  \\$a(NIC)notisASF8255
=035  \\$a3601190
=035  \\$a(OCoLC)63897200
=040  \\$aNIC$cNIC$dNIC
=100  1\$aHabermas, Jurgen.
=245  14$aThe Triple heritage of Nietzsche$h[sound recording]
=260  \\$c1984.
=300  \\$a1 sound cassette (70 min.) :$banalog, mono.
=500  \\$aRecorded in Ithaca, NY by Cornell University.
=500  \\$aSpeaker(s): Professor of sociology at the Frankfurt School, West Germany.
=518  \\$aLecture, September 7, 1984.
=520  \\$aHabermas examines Nietzsche's interpretations of the modernity and postmodernity debate.
=650  \0$aPhilosophy$xHistory$y18th and 19th century.
=650  \0$aSocial science$xPhilosophy.
=600  10$aNietzsche, Friedrich Wilhelm,$d1844-1900 
=600  17$aNietzsche, Friedrich Wilhelm,$d1844-1900$2fast$0(OCoLC)fst00031611
=648  \7$a1700 - 1899$2fast
=650  \7$aPhilosophy$2fast$0(OCoLC)fst01060777
=655  \7$aHistory$2fast$0(OCoLC)fst01411628
=830  \4$aThe philosophical discourse on modernity and postmodernity.
=830  \0$aMessenger lectures.
=899  1\$aCULectures
=905  \\$a20000508120000.0
=948  2\$a20141221$bm$dbatch$elts$xaddfast

