=LDR  01316cim  22003612u 4500
=001  3601191
=005  20151214182813.0
=007  ss|lmnjluz|nuu
=008  991101s1984\\\\nyunnn\\\\\\\\\l\\\\eng\d
=035  \\$a(NIC)notisASF8256
=035  \\$a3601191
=035  \\$a(OCoLC)63897201
=040  \\$aNIC$cNIC$dNIC
=100  1\$aHabermas, Jurgen.
=245  10$aDionysics vs. romantic$h[sound recording]
=260  \\$c1984.
=300  \\$a1 sound cassette (72 min.) :$banalog, mono.
=500  \\$aRecorded in Ithaca, NY by Cornell University.
=500  \\$aSpeaker(s): Professor of sociology at the Frankfurt School, West Germany.
=518  \\$aLecture, September 6, 1984.
=520  \\$aHabermas analyzes the philosophical discourse surrounding modernity and postmodernity.
=650  \0$aPhilosophy$xHistory$y18th and 19th century.
=650  \0$aModernism (Literature).
=650  \0$aSocial science$xPhilosophy.
=648  \7$a1700 - 1899$2fast
=650  \7$aModernism (Literature)$2fast$0(OCoLC)fst01024455
=650  \7$aPhilosophy$2fast$0(OCoLC)fst01060777
=655  \7$aHistory$2fast$0(OCoLC)fst01411628
=830  \4$aThe Philosophical discourse on modernity and postmodernity. 
=830  \0$aMessenger lectures.
=899  1\$aCULectures
=905  \\$a20000508120000.0
=948  2\$a20141221$bm$dbatch$elts$xaddfast

