=LDR  01065cim  22003132u 4500
=001  3601203
=005  20151214182815.0
=007  ss|lmnjluz|nuu
=008  991101s1984\\\\nyunnn\\\\\\\\\l\\\\eng\d
=035  \\$a(NIC)notisASF8268
=035  \\$a3601203
=035  \\$a(OCoLC)63897216
=040  \\$aNIC$cNIC$dNIC$dNIC
=100  1\$aIkiriye, Akira.
=245  14$aThe westernization of Japan$h[sound recording]
=260  \\$c1984.
=300  \\$a1 sound cassette (39 min.) :$banalog, mono.
=500  \\$aRecorded in Ithaca, NY by Cornell University.
=500  \\$aSponsored by: China- Japan Program.
=518  \\$aLecture, September 28, 1984.
=520  \\$aIkiriye discusses the increasing influence of Western culture on Japanese society.
=651  \0$aJapan$xSocial conditions.
=651  \0$aJapan$xOccidental influences$y20th century.
=648  \7$a1900 - 1999$2fast
=650  \7$aSocial history$2fast$0(OCoLC)fst01122498
=651  \7$aJapan$2fast$0(OCoLC)fst01204082
=899  1\$aCULectures
=905  \\$a20000428120000.0
=948  2\$a20141221$bm$dbatch$elts$xaddfast

