=LDR  01365cim  22003372u 4500
=001  3601213
=005  20151214182816.0
=007  ss|lmnjluz|nuu
=008  991101s1984\\\\nyunnn\\\\\\\\\l\\\\eng\d
=035  \\$a(NIC)notisASF8278
=035  \\$a3601213
=035  \\$a(OCoLC)63897232
=040  \\$aNIC$cNIC$dNIC$dNIC
=100  1\$aThomas, Helen,$d1920- 
=245  14$aThe final fifty days of the presidential campaign$h[sound recording]
=260  \\$c1984.
=300  \\$a1 sound cassette (60 min.) :$banalog, mono.
=500  \\$aRecorded in Ithaca, NY by Cornell University.
=500  \\$aSpeaker(s): Thomas is a journalist who covers the White House.
=518  \\$aLecture, September 17, 1984.
=520  \\$aThomas outlines the last days of the 1984 presidential campaign, discusses Reagan as President, and explains the relationship of the media with the President, in general, and with Reagan, in particular.
=650  \0$aElections$zUnited States.
=650  \0$aPresidents$zUnited States$xElection.
=650  \0$aPolitics, Practical.
=650  \7$aElections$2fast$0(OCoLC)fst00904324
=650  \7$aPolitics, Practical$2fast$0(OCoLC)fst01069977
=650  \7$aPresidents$xElection$2fast$0(OCoLC)fst01075747
=651  \7$aUnited States$2fast$0(OCoLC)fst01204155
=899  1\$aCULectures
=905  \\$a20000329120000.0
=948  2\$a20141221$bm$dbatch$elts$xaddfast

