=LDR  01186cim  22003252u 4500
=001  3601231
=005  20151214182818.0
=007  ss|lmnjluz|nuu
=008  991101s1984\\\\nyunnn\\\\\\\\\l\\\\eng\d
=035  \\$a(NIC)notisASF8296
=035  \\$a3601231
=035  \\$a(OCoLC)63897260
=040  \\$aNIC$cNIC$dNIC$dNIC
=100  1\$aAnderson, Benedict R. O'G.$q(Benedict Richard O'Gorman),$d1936-2015.
=245  10$aLanguage, literature, and national consciousness$h[sound recording]
=260  \\$c1984.
=300  \\$a2 sound cassettes (110 min.) :$banalog, mono.
=500  \\$aRecorded in Ithaca, NY by Cornell University.
=518  \\$aPanel, September 21, 1984.
=520  \\$aPanel members discuss the interrelationship between language, literature and nationalism.
=650  \0$aNationalism.
=650  \0$aLanguage and languages$xPolitical aspects.
=650  \7$aLanguage and languages$xPolitical aspects$2fast$0(OCoLC)fst00992197
=650  \7$aNationalism$2fast$0(OCoLC)fst01033832
=700  1\$aWeiss, John Hubbel.
=700  1\$aKramnick, Isaac.
=700  1\$aCohen, Walter,$d1949-
=899  1\$aCULectures
=905  \\$a20000406120000.0
=948  2\$a20141221$bm$dbatch$elts$xaddfast

