=LDR  01301cim  22003732u 4500
=001  3601232
=005  20151214182818.0
=007  ss|lmnjluz|nuu
=008  991101s1984\\\\nyunnn\\\\\\\\\l\\\\eng\d
=035  \\$a(NIC)notisASF8297
=035  \\$a3601232
=035  \\$a(OCoLC)63897261
=040  \\$aNIC$cNIC$dNIC$dNIC
=100  1\$aCerteau, Michel de.
=245  10$aSixteenth and seventeenth century Spanish and French mysticism, part 2$h[sound recording]
=260  \\$c1984.
=300  \\$a2 sound cassettes (120 min.) :$banalog, mono.
=500  \\$aRecorded in Ithaca, NY by Cornell University.
=500  \\$aAccompanied by: Notes.
=500  \\$aSponsored by: Society for the Humanities.
=518  \\$aLecture, September 19, 1984.
=520  \\$adeCerteau discusses the development of mysticism in Spain and France.
=650  \0$aMysticism.
=651  \0$aSpain$xHistory$y16th century.
=651  \0$aSpain$xHistory$y17th century.
=651  \0$aFrance$xHistory$y16th century.
=651  \0$aFrance$xHistory$y17th century.
=648  \7$a1500 - 1699$2fast
=650  \7$aMysticism$2fast$0(OCoLC)fst01031629
=651  \7$aFrance$2fast$0(OCoLC)fst01204289
=651  \7$aSpain$2fast$0(OCoLC)fst01204303
=899  1\$aCULectures
=905  \\$a20000414120000.0
=948  2\$a20141221$bm$dbatch$elts$xaddfast

