=LDR  01356cim  22003372u 4500
=001  3601299
=005  20151214182827.0
=007  ss|lmnjluz|nuu
=008  991101s1984\\\\nyunnn\\\\\\\\\l\\\\eng\d
=035  \\$a(NIC)notisASF8364
=035  \\$a3601299
=035  \\$a(OCoLC)63897372
=040  \\$aNIC$cNIC$dNIC
=100  1\$aLopez-Baralt, Mercedes.
=245  14$aThe political iconography of the new world: the foundation myth in Catholic, Protestant and Native icons$h[sound recording]
=260  \\$c1984.
=300  \\$a1 sound cassette (45 min.) :$banalog, mono.
=500  \\$aRecorded in Ithaca, NY by Cornell University.
=500  \\$aSponsored by: Romance Studies, Department of,Society for the Humanities,American Studies Program,Women's Studies Program,Arts and Sciences, College of.
=518  \\$aLecture, March 15, 1984.
=520  \\$aLopez-Baralt traces the history and development of European iconography and emblems in the New World.
=650  \0$aChristian art and symbolism.
=650  \0$aIcons.
=650  \0$aMythology.
=650  \7$aChristian art and symbolism$2fast$0(OCoLC)fst00858904
=650  \7$aIcons$2fast$0(OCoLC)fst00966768
=650  \7$aMythology$2fast$0(OCoLC)fst01031701
=830  \0$aPolitical iconography of the New World.
=899  1\$aCULectures
=905  \\$a19991201120000.0
=948  2\$a20141221$bm$dbatch$elts$xaddfast

