=LDR  01085cim  22003132u 4500
=001  3601310
=005  20151214182829.0
=007  ss|lmnjluz|nuu
=008  991101s1984\\\\nyunnn\\\\\\\\\l\\\\eng\d
=035  \\$a(NIC)notisASF8375
=035  \\$a3601310
=035  \\$a(OCoLC)63897388
=040  \\$aNIC$cNIC$dNIC$dNIC
=100  1\$aYork, Herbert F.$q(Herbert Frank)
=245  14$aThe nuclear arms race: why it is so hard to deal with$h[sound recording]
=260  \\$c1984.
=300  \\$a1 sound cassette (45 min.) :$banalog, mono.
=500  \\$aRecorded in Ithaca, NY by Cornell University.
=518  \\$aLecture, April 17, 1984.
=520  \\$aYork describes the nuclear arms race and the problems inherent in dealing with it.
=650  \0$aNuclear warfare$xSocial aspects.
=650  \0$aArms race.
=650  \7$aArms race$2fast$0(OCoLC)fst00814930
=650  \7$aNuclear warfare$xSocial aspects$2fast$0(OCoLC)fst01040951
=830  \0$aNuclear symposium.
=830  \0$aMessenger lectures.
=899  1\$aCULectures
=905  \\$a20000103120000.0
=948  2\$a20141221$bm$dbatch$elts$xaddfast

