=LDR  01298cim  22003492u 4500
=001  3601313
=005  20151214182829.0
=007  ss|lmnjluz|nuu
=008  991101s1984\\\\nyunnn\\\\\\\\\l\\\\eng\d
=035  \\$a(NIC)notisASF8378
=035  \\$a3601313
=035  \\$a(OCoLC)63897392
=040  \\$aNIC$cNIC$dNIC$dNIC
=100  1\$aMbata, J. Congress.
=245  10$aUSA, developing nations and world community, part 2$h[sound recording]
=260  \\$c1984.
=300  \\$a1 sound cassette (75 min.) :$banalog, mono.
=500  \\$aRecorded in Ithaca, NY by Cornell University.
=500  \\$aAccompanied by: Notes.
=500  \\$aSponsored by: Interreligious International Ministries Committee (IRIM),Center for World Community.
=518  \\$aLecture, March 14, 1984.
=520  \\$aMbata presents his view of a future "global village".
=650  \0$aInternational relations.
=651  \0$aUnited States$xForeign relations.
=651  \0$aDeveloping countries.
=650  \7$aDiplomatic relations$2fast$0(OCoLC)fst01907412
=650  \7$aInternational relations$2fast$0(OCoLC)fst00977053
=651  \7$aDeveloping countries$2fast$0(OCoLC)fst01242969
=651  \7$aUnited States$2fast$0(OCoLC)fst01204155
=899  1\$aCULectures
=905  \\$a20000320120000.0
=948  2\$a20141221$bm$dbatch$elts$xaddfast

