=LDR  01283cim  22003372u 4500
=001  3601326
=005  20151214182831.0
=007  ss|lmnjluz|nuu
=008  991101s1984\\\\nyunnn\\\\\\\\\l\\\\eng\d
=035  \\$a(NIC)notisASF8391
=035  \\$a3601326
=035  \\$a(OCoLC)63897409
=040  \\$aNIC$cNIC$dNIC$dNIC
=100  1\$aMari Bras, Juan.
=245  10$aLecture on current Latin American politics$h[sound recording]
=260  \\$c1984.
=300  \\$a1 sound cassette (55 min.) :$banalog, mono.
=500  \\$aRecorded in Ithaca, NY by Cornell University.
=518  \\$aLecture, April 11, 1984.
=520  \\$aBras discusses the United States' dominance of Puerto Rico and its resistance to granting independence to the island.
=651  \0$aUnited States$xForeign relations$zLatin America.
=651  \0$aPuerto Rico$xPolitics and government.
=651  \0$aLatin America$xPolitics and government.
=650  \7$aDiplomatic relations$2fast$0(OCoLC)fst01907412
=650  \7$aPolitical science$2fast$0(OCoLC)fst01069781
=651  \7$aLatin America$2fast$0(OCoLC)fst01245945
=651  \7$aPuerto Rico$2fast$0(OCoLC)fst01205432
=651  \7$aUnited States$2fast$0(OCoLC)fst01204155
=899  1\$aCULectures
=905  \\$a20000307120000.0
=948  2\$a20141221$bm$dbatch$elts$xaddfast

