=LDR  01107cim  22003252u 4500
=001  3601337
=005  20151214182832.0
=007  ss|lmnjluz|nuu
=008  991101s1984\\\\nyunnn\\\\\\\\\l\\\\eng\d
=035  \\$a(NIC)notisASF8402
=035  \\$a3601337
=035  \\$a(OCoLC)63897424
=040  \\$aNIC$cNIC$dNIC
=100  1\$aCotton, Dorothy.
=245  10$aWays toward peace in the world community$h[sound recording]
=260  \\$c1984.
=300  \\$a1 sound cassette (45 min.) :$banalog, mono.
=500  \\$aRecorded in Ithaca, NY by Cornell University.
=500  \\$aSponsored by: Center for World Community,Interreligious International Ministries Committee (IRIM).
=518  \\$aLecture, April 9, 1984.
=520  \\$aCotton discusses the need for global understanding between nations.
=650  \0$aPeace.
=650  \0$aCivil rights.
=650  \0$aLiberty.
=650  \7$aCivil rights$2fast$0(OCoLC)fst00862627
=650  \7$aLiberty$2fast$0(OCoLC)fst00997251
=650  \7$aPeace$2fast$0(OCoLC)fst01055758
=899  1\$aCULectures
=905  \\$a19991201120000.0
=948  2\$a20141221$bm$dbatch$elts$xaddfast

