=LDR  01281cim  22003372u 4500
=001  3601343
=005  20151214182833.0
=007  ss|lmnjluz|nuu
=008  991101s1984\\\\nyunnn\\\\\\\\\l\\\\eng\d
=035  \\$a(NIC)notisASF8408
=035  \\$a3601343
=035  \\$a(OCoLC)63897435
=040  \\$aNIC$cNIC$dNIC$dNIC
=100  1\$aYork, Herbert F.$q(Herbert Frank)
=245  14$aThe nuclear arms race: what might be done$h[sound recording]
=260  \\$c1984.
=300  \\$a1 sound cassette (50 min.) :$banalog, mono.
=500  \\$aRecorded in Ithaca, NY by Cornell University.
=518  \\$aLecture, April 19, 1984.
=520  \\$aYork explores the history of, and politics behind, the nuclear arms race. He suggests steps which the United States government and universities can take in order to halt the cold war.
=650  \0$aNuclear warfare$xSocial aspects.
=650  \0$aArms race.
=650  \0$aInternational relations.
=650  \7$aArms race$2fast$0(OCoLC)fst00814930
=650  \7$aInternational relations$2fast$0(OCoLC)fst00977053
=650  \7$aNuclear warfare$xSocial aspects$2fast$0(OCoLC)fst01040951
=830  \0$aNuclear symposium.
=830  \0$aMessenger lectures.
=899  1\$aCULectures
=905  \\$a20000103120000.0
=948  2\$a20141221$bm$dbatch$elts$xaddfast

