=LDR  01258cim  22003372u 4500
=001  3601347
=005  20151214182834.0
=007  ss|lmnjluz|nuu
=008  991101s1984\\\\nyunnn\\\\\\\\\l\\\\eng\d
=035  \\$a(NIC)notisASF8412
=035  \\$a3601347
=035  \\$a(OCoLC)63897441
=040  \\$aNIC$cNIC$dNIC$dNIC
=100  1\$aWettig-Danielmeier, Inge,$d1936-
=245  10$aWomen and the West German peace movement$h[sound recording]
=260  \\$c1984.
=300  \\$a1 sound cassette (85 min.) :$banalog, mono.
=500  \\$aRecorded in Ithaca, NY by Cornell University.
=500  \\$aSponsored by: Peace Studies Program,Women's Studies Program.
=518  \\$aLecture, February 24, 1984.
=520  \\$aWettig-Danielmeier dicusses the role of women in West German politics and the peace movement.
=651  \0$aGermany (West)$xPolitics and government.
=650  \0$aPeace$xSocieties, etc.
=650  \0$aWomen and peace.
=650  \7$aPeace$xSocieties, etc.$2fast$0(OCoLC)fst01055832
=650  \7$aPolitical science$2fast$0(OCoLC)fst01069781
=650  \7$aWomen and peace$2fast$0(OCoLC)fst01177101
=651  \7$aGermany (West)$2fast$0(OCoLC)fst01210273
=899  1\$aCULectures
=905  \\$a20000407120000.0
=948  2\$a20141221$bm$dbatch$elts$xaddfast

