=LDR  00993cim  22002892u 4500
=001  3601348
=005  20151214182834.0
=007  ss|lmnjluz|nuu
=008  991101s1984\\\\nyunnn\\\\\\\\\l\\\\eng\d
=035  \\$a(NIC)notisASF8413
=035  \\$a3601348
=035  \\$a(OCoLC)63897443
=040  \\$aNIC$cNIC$dNIC
=100  1\$aBa-Yunus, Ilyas.
=245  10$aAlternative choices:  solutions to modern man's problems$h[sound recording]
=260  \\$c1984.
=300  \\$a1 sound cassette (70 min.) :$banalog, mono.
=500  \\$aRecorded in Ithaca, NY by Cornell University.
=518  \\$aLecture, February 24, 1984.
=520  \\$aBa-Yunus presents a personal assessment of the current state of Islam in the Middle East.
=650  \0$aIslam$xDoctrines.
=650  \0$aIslam and politics.
=650  \7$aIslam and politics$2fast$0(OCoLC)fst00979879
=650  \7$aIslam$xDoctrines$2fast$0(OCoLC)fst00979787
=899  1\$aCULectures
=905  \\$a19991201120000.0
=948  2\$a20141221$bm$dbatch$elts$xaddfast

