=LDR  01494cim  22003852u 4500
=001  3601352
=005  20151214182834.0
=007  ss|lmnjluz|nuu
=008  991101s1984\\\\nyunnn\\\\\\\\\l\\\\eng\d
=035  \\$a(NIC)notisASF8417
=035  \\$a3601352
=035  \\$a(OCoLC)63897453
=040  \\$aNIC$cNIC$dNIC$dNIC
=100  1\$aBurak, David,$d1945-
=245  14$aThe seizure of Willard Straight Hall and its meaning for today: a fifteen year retrospective$h[sound recording]
=260  \\$c1984.
=300  \\$a2 sound cassettes (105 min.) :$banalog, mono.
=500  \\$aRecorded in Ithaca, NY by Cornell University.
=500  \\$aSponsored by: Interfraternity Council,Ujamaa Residential College,Willard Straight Hall Programming Board.
=518  \\$aLecture, February 28, 1984.
=520  \\$aPanel looks back on the Willard Straight Hall takeover from various perspectives.
=610  20$aCornell University$xHistory$y20th century.
=650  \0$aStudents$xPolitical activity.
=650  \0$aDiscrimination in education.
=610  27$aCornell University$2fast$0(OCoLC)fst00530369
=648  \7$a1900 - 1999$2fast
=650  \7$aDiscrimination in education$2fast$0(OCoLC)fst00895037
=650  \7$aStudents$xPolitical activity$2fast$0(OCoLC)fst01136098
=655  \7$aHistory$2fast$0(OCoLC)fst01411628
=700  1\$aSaake, Ruby.
=700  1\$aMunday, Reuben.
=700  1\$aMcConkey, James.
=899  1\$aCULectures
=905  \\$a20000308120000.0
=948  2\$a20141221$bm$dbatch$elts$xaddfast

