=LDR  01324cim  22003372u 4500
=001  3601360
=005  20151214182835.0
=007  ss|lmnjluz|nuu
=008  991101s1984\\\\nyunnn\\\\\\\\\l\\\\eng\d
=035  \\$a(NIC)notisASF8425
=035  \\$a3601360
=035  \\$a(OCoLC)63897468
=040  \\$aNIC$cNIC$dNIC$dNIC
=100  1\$aKennedy, Florynce,$d1916-2000.
=245  10$aFeminist activism and the law$h[sound recording]
=260  \\$c1984.
=300  \\$a1 sound cassette (59 min.) :$banalog, mono.
=500  \\$aRecorded in Ithaca, NY by Cornell University.
=500  \\$aAccompanied by: Notes.
=500  \\$aSponsored by: Women's Law Coalition,Women's Studies Program,Architecture, Art and Planning, College of,Vice-President of Campus Affairs, Research and Advanced Studies,ABA-Law, Student Division.
=518  \\$aLecture, March 2, 1984.
=520  \\$aKennedy describes the "place" of women in the legal profession.
=650  \0$aFeminism.
=650  \0$aWomen$xLegal status, laws, etc.
=650  \0$aWomen$xPolitical activity.
=650  \7$aFeminism$2fast$0(OCoLC)fst00922671
=650  \7$aWomen$xLegal status, laws, etc.$2fast$0(OCoLC)fst01176824
=650  \7$aWomen$xPolitical activity$2fast$0(OCoLC)fst01734136
=899  1\$aCULectures
=905  \\$a20000217120000.0
=948  2\$a20141221$bm$dbatch$elts$xaddfast

