=LDR  01051cim  22003012u 4500
=001  3601373
=005  20151214182837.0
=007  ss|lmnjluz|nuu
=008  991101s1984\\\\nyunnn\\\\\\\\\l\\\\eng\d
=035  \\$a(NIC)notisASF8438
=035  \\$a3601373
=035  \\$a(OCoLC)63897490
=040  \\$aNIC$cNIC$dNIC$dNIC
=100  1\$aLowi, Theodore J.
=245  10$aCan Anyone Defeat Reagan?$h[sound recording]
=260  \\$c1984.
=300  \\$a1 sound cassette (90 min.) :$banalog, mono.
=500  \\$aRecorded in Ithaca, NY by Cornell University.
=518  \\$aLecture, March 6, 1984.
=520  \\$aLowi and Ginsberg discuss the possibility and probability of Reagan being defeated in the upcoming election.
=650  \0$aPolitics, Practical.
=650  \0$aElections$xPresidents$xUnited States.
=610  10$aUnited States.$bPresident (1981-1989 : Reagan)      
=650  \7$aPolitics, Practical$2fast$0(OCoLC)fst01069977
=700  1\$aGinsberg, Benjamin.
=899  1\$aCULectures
=905  \\$a20000320120000.0
=948  2\$a20141221$bm$dbatch$elts$xaddfast

