=LDR  00994cim  22002892u 4500
=001  3601375
=005  20151214182837.0
=007  ss|lmnjluz|nuu
=008  991101s1984\\\\nyunnn\\\\\\\\\l\\\\eng\d
=035  \\$a(NIC)notisASF8440
=035  \\$a3601375
=035  \\$a(OCoLC)63897493
=040  \\$aNIC$cNIC$dNIC$dNIC
=100  1\$aHoward, Michael.
=245  14$aThe United States and the Wider World$h[sound recording]
=260  \\$c1984.
=300  \\$a1 sound cassette (80 min.) :$banalog, mono.
=500  \\$aRecorded in Ithaca, NY by Cornell University.
=500  \\$aSponsored by: University Lectures Committee.
=518  \\$aLecture, March 7, 1984.
=520  \\$aHoward examines the weaknesses of the United States' foreign policy.
=651  \0$aUnited States$xForeign relations.
=650  \7$aDiplomatic relations$2fast$0(OCoLC)fst01907412
=651  \7$aUnited States$2fast$0(OCoLC)fst01204155
=899  1\$aCULectures
=905  \\$a20000414120000.0
=948  2\$a20141221$bm$dbatch$elts$xaddfast

