=LDR  01332cim  22003252u 4500
=001  3601378
=005  20151214182838.0
=007  ss|lmnjluz|nuu
=008  991101s1984\\\\nyunnn\\\\\\\\\l\\\\eng\d
=035  \\$a(NIC)notisASF8443
=035  \\$a3601378
=035  \\$a(OCoLC)63897496
=040  \\$aNIC$cNIC$dNIC
=100  1\$aDubelman, Richard.
=245  10$aProducing, directing, writing movies$h[sound recording]
=260  \\$c1984.
=300  \\$a1 sound cassette (65 min.) :$banalog, mono.
=500  \\$aRecorded in Ithaca, NY by Cornell University.
=500  \\$aSponsored by: Sigma Phi Fraternity,Ithaca Filmmakers at Cornell (IFMAC),Willard Straight Hall Programming Board.
=518  \\$aLecture, March 7, 1984.
=520  \\$aDubelman gives a professional's perspective on writing, producing, and directing for the motion picture and television industry.
=650  \0$aMotion pictures$xProduction and direction.
=650  \0$aMotion picture industry$zUnited States.
=650  \7$aMotion picture industry$2fast$0(OCoLC)fst01027150
=650  \7$aMotion pictures$xProduction and direction$2fast$0(OCoLC)fst01027357
=651  \7$aUnited States$2fast$0(OCoLC)fst01204155
=830  \0$aJames Norris Oliphant distinguished speakers.
=899  1\$aCULectures
=905  \\$a20000330120000.0
=948  2\$a20141221$bm$dbatch$elts$xaddfast

