=LDR  01040cim  22003012u 4500
=001  3601389
=005  20151214182839.0
=007  ss|lmnjluz|nuu
=008  991101s1983\\\\nyunnn\\\\\\\\\l\\\\eng\d
=035  \\$a(NIC)notisASF8454
=035  \\$a3601389
=035  \\$a(OCoLC)63897516
=040  \\$aNIC$cNIC$dNIC$dNIC
=100  1\$aRobeson, Paul,$d1898-1976.
=245  10$aCommentary on two films$h[sound recording]
=260  \\$c1983.
=300  \\$a1 sound cassette :$banalog, mono.
=500  \\$aRecorded in Ithaca, NY by Cornell University.
=518  \\$aLecture, October 5, 1983.
=520  \\$aRobeson introduces two films of his father's which present views of the black actor.
=600  10$aRobeson, Paul,$d1898-1976.
=650  \0$aAmerican drama$xAfro-American actors.
=650  \0$aAfrican American actors.
=600  17$aRobeson, Paul,$d1898-1976$2fast$0(OCoLC)fst00055431
=650  \7$aAfrican American actors$2fast$0(OCoLC)fst00798998
=899  1\$aCULectures
=905  \\$a20000317120000.0
=948  2\$a20141221$bm$dbatch$elts$xaddfast

