=LDR  01160cim  22003252u 4500
=001  3601415
=005  20151214182843.0
=007  ss|lmnjluz|nuu
=008  991101s1983\\\\nyunnn\\\\\\\\\l\\\\eng\d
=035  \\$a(NIC)notisASF8480
=035  \\$a3601415
=035  \\$a(OCoLC)63897561
=040  \\$aNIC$cNIC$dNIC$dNIC
=100  1\$aAngelak{macr}e-Rouk, Katerina.
=245  10$aKaterina Anghelaki-Hook reads her own poetry$h[sound recording]
=260  \\$c1983.
=300  \\$a1 sound cassette (60 min.) :$banalog, mono.
=500  \\$aRecorded in Ithaca, NY by Cornell University.
=500  \\$aSponsored by: Hellenic Student Association,Ithaca Community Poets.
=518  \\$aReading, November 7, 1983.
=520  \\$aAnghelaki-Rooke's poems recall her Greek ancestry.
=650  \0$aPoetry$xThemes, motives.
=650  \0$aPoets, Greek (Modern).
=650  \0$aGreek poetry, Modern.
=650  \7$aGreek poetry, Modern$2fast$0(OCoLC)fst00947514
=650  \7$aPoetry$xThemes, motives$2fast$0(OCoLC)fst01067743
=650  \7$aPoets, Greek (Modern)$2fast$0(OCoLC)fst01067914
=899  1\$aCULectures
=905  \\$a20000114120000.0
=948  2\$a20141221$bm$dbatch$elts$xaddfast

