=LDR  01220cim  22003372u 4500
=001  3601424
=005  20160106133444.0
=007  ss|lmnjluz|nuu
=008  991101s1983\\\\nyunnn\\\\\\\\\l\\\\eng\d
=035  \\$a(NIC)notisASF8489
=035  \\$a3601424
=035  \\$a(OCoLC)63897578
=040  \\$aNIC$cNIC$dNIC$dNIC
=100  1\$aBrant, Beth,$d1941-2015.
=245  12$aA gathering of spirit: a reading of North American Indian womens' writing$h[sound recording]
=260  \\$c1983.
=300  \\$a1 sound cassette (70 min.) :$banalog, mono.
=500  \\$aRecorded in Ithaca, NY by Cornell University.
=500  \\$aSponsored by: Women's Studies Program.
=518  \\$aReading, November 11, 1983.
=520  \\$aBrant reads and discusses a selection of poetry written by Native American women.
=650  \0$aWomen authors.
=650  \0$aIndians of North America$vPoetry.
=650  \0$aIndian poetry.
=650  \7$aIndian poetry$2fast$0(OCoLC)fst00969171
=650  \7$aIndians of North America$2fast$0(OCoLC)fst00969633
=650  \7$aWomen authors$2fast$0(OCoLC)fst01177198
=655  \7$aPoetry$2fast$0(OCoLC)fst01423828
=899  1\$aCULectures
=905  \\$a20000414120000.0
=948  2\$a20141221$bm$dbatch$elts$xaddfast

