=LDR  01155cim  22003252u 4500
=001  3601455
=005  20151214182848.0
=007  ss|lmnjluz|nuu
=008  991101s1983\\\\nyunnn\\\\\\\\\l\\\\eng\d
=035  \\$a(NIC)notisASF8520
=035  \\$a3601455
=035  \\$a(OCoLC)63897633
=040  \\$aNIC$cNIC$dNIC$dNIC
=100  1\$aStoddard, Thomas B.
=245  10$aGay people and civil rights:  how far, how fast$h[sound recording]
=260  \\$c1983.
=300  \\$a1 sound cassette :$banalog, mono.
=500  \\$aRecorded in Ithaca, NY by Cornell University.
=518  \\$aLecture, December 8, 1983.
=520  \\$aStoddard describes gay rights at both the federal and state levels, as well as at Cornell University.
=650  \0$aCivil rights$zUnited States.
=650  \0$aDiscrimination in education.
=650  \0$aGay rights.
=650  \7$aCivil rights$2fast$0(OCoLC)fst00862627
=650  \7$aDiscrimination in education$2fast$0(OCoLC)fst00895037
=650  \7$aGay rights$2fast$0(OCoLC)fst00939213
=651  \7$aUnited States$2fast$0(OCoLC)fst01204155
=899  1\$aCULectures
=905  \\$a20000327120000.0
=948  2\$a20141221$bm$dbatch$elts$xaddfast

