=LDR  01018cim  22003012u 4500
=001  3601458
=005  20151214182848.0
=007  ss|lmnjluz|nuu
=008  991101s1983\\\\nyunnn\\\\\\\\\l\\\\eng\\
=035  \\$a(NIC)notisASF8523
=035  \\$a3601458
=035  \\$a(OCoLC)63897640
=040  \\$aNIC$cNIC$dNIC$dNIC
=100  1\$aGates, Henry Louis,$cJr.
=245  10$aRace, writing and difference$h[sound recording]
=260  \\$c1983.
=300  \\$a1 sound cassette (80 min.) :$banalog, mono.
=500  \\$aRecorded in Ithaca, NY by Cornell University.
=500  \\$aSponsored by: English, Department of.
=518  \\$aLecture, December 15, 1983.
=520  \\$aGates discusses black writing styles.
=650  \0$aAuthors, Black.
=650  \0$aComparative literature$xThemes, motives.
=650  \7$aAuthors, Black$2fast$0(OCoLC)fst00821841
=650  \7$aComparative literature$xThemes, motives$2fast$0(OCoLC)fst01735633
=899  1\$aCULectures
=905  \\$a19991201120000.0
=948  2\$a20141221$bm$dbatch$elts$xaddfast

