=LDR  01127cim  22003372u 4500
=001  3601474
=005  20151214182851.0
=007  ss|lmnjluz|nuu
=008  991101s1984\\\\nyunnn\\\\\\\\\l\\\\eng\d
=035  \\$a(NIC)notisASF8539
=035  \\$a3601474
=035  \\$a(OCoLC)63897665
=040  \\$aNIC$cNIC$dNIC$dNIC
=100  1\$aPorter, Katherin Anne.
=245  10$aLecture on her work$h[sound recording]
=260  \\$c1984.
=300  \\$a1 sound cassette (60 min.) :$banalog, mono.
=500  \\$aRecorded in Ithaca, NY by Cornell University.
=500  \\$aSponsored by: Art, Department of.
=518  \\$aLecture, February 6, 1984.
=520  \\$aPorter discusses her artwork.
=600  10$aPorter, Katherine Anne,$d1890-1980
=650  \0$aWomen artists.
=650  \0$aArtists$zUnited States.
=600  17$aPorter, Katherine Anne,$d1890-1980$2fast$0(OCoLC)fst00033438
=650  \7$aArtists$2fast$0(OCoLC)fst00817559
=650  \7$aWomen artists$2fast$0(OCoLC)fst01177159
=651  \7$aUnited States$2fast$0(OCoLC)fst01204155
=899  1\$aCULectures
=905  \\$a20000404120000.0
=948  2\$a20141221$bm$dbatch$elts$xaddfast

