=LDR  01122cim  22003132u 4500
=001  3601488
=005  20151214182853.0
=007  ss|lmnjluz|nuu
=008  991101s1983\\\\nyunnn\\\\\\\\\l\\\\eng\d
=035  \\$a(NIC)notisASF8553
=035  \\$a3601488
=035  \\$a(OCoLC)63897687
=040  \\$aNIC$cNIC$dNIC$dNIC
=100  1\$aLutos{lstrok}awski, Witold,$d1913-1994.
=245  10$aThoughts on the future of music$h[sound recording]
=260  \\$c1983.
=300  \\$a1 sound cassette (55 min.) :$banalog, mono.
=500  \\$aRecorded in Ithaca, NY by Cornell University.
=500  \\$aSponsored by: University Lectures Committee.
=518  \\$aLecture, March 10, 1983.
=520  \\$aLutoslawski discusses the construction of music in the past and explains how the past affects the future of music.
=650  \0$aMusic$y20th century.
=650  \0$aMusic$xHistory and criticism.
=648  \7$a1900 - 1999$2fast
=650  \7$aMusic$2fast$0(OCoLC)fst01030269
=655  \7$aCriticism, interpretation, etc.$2fast$0(OCoLC)fst01411635
=899  1\$aCULectures
=905  \\$a20000403120000.0
=948  2\$a20141221$bm$dbatch$elts$xaddfast

