=LDR  01157cim  22003252u 4500
=001  3601498
=005  20151214182854.0
=007  ss|lmnjluz|nuu
=008  991101s1983\\\\nyunnn\\\\\\\\\l\\\\eng\d
=035  \\$a(NIC)notisASF8563
=035  \\$a3601498
=035  \\$a(OCoLC)63897704
=040  \\$aNIC$cNIC$dNIC$dNIC
=100  1\$aBen{acute}itez Rojo, Antonio,$d1931-2005.
=245  13$aLa cultura caribena en la Cuba actual:  continuidad versus reptura$h[sound recording]
=260  \\$c1983.
=300  \\$a1 sound cassette (57 min.) :$banalog, mono.
=500  \\$aRecorded in Ithaca, NY by Cornell University.
=518  \\$aLecture, March 17, 1983.
=520  \\$aBenitez-Rojo describes the Caribbean influence on Cuban culture.
=651  \0$aCuba$xIntellectual life.
=650  \0$aCuban literature$y20th century.
=651  \0$aCuba$xCivilization$xCaribbean influences.
=648  \7$a1900 - 1999$2fast
=650  \7$aCuban literature$2fast$0(OCoLC)fst00884812
=650  \7$aIntellectual life$2fast$0(OCoLC)fst00975769
=651  \7$aCuba$2fast$0(OCoLC)fst01205805
=899  1\$aCULectures
=905  \\$a20000330120000.0
=948  2\$a20141221$bm$dbatch$elts$xaddfast

