=LDR  00914cim  22002892u 4500
=001  3601499
=005  20151214182855.0
=007  ss|lmnjluz|nuu
=008  991101s1983\\\\nyunnn\\\\\\\\\l\\\\eng\d
=035  \\$a(NIC)notisASF8564
=035  \\$a3601499
=035  \\$a(OCoLC)63897705
=040  \\$aNIC$cNIC$dNIC
=100  1\$aWoodring, Carl,$d1919-2009.
=245  10$aOn being half romantic$h[sound recording]
=260  \\$c1983.
=300  \\$a1 sound cassette (37 min.) :$banalog, mono.
=500  \\$aRecorded in Ithaca, NY by Cornell University.
=500  \\$aSponsored by: Society for the Humanities.
=518  \\$aLecture, March 17, 1983.
=520  \\$aWoodring defines the age of romanticism.
=540  \\$aNo reproductions authorized.
=650  \0$aRomanticism.
=650  \7$aRomanticism$2fast$0(OCoLC)fst01100133
=899  1\$aCULectures
=905  \\$a20000417120000.0
=948  2\$a20141221$bm$dbatch$elts$xaddfast

