=LDR  01434cim  22003372u 4500
=001  3601518
=005  20151214182857.0
=007  ss|lmnjluz|nuu
=008  991101s1983\\\\nyunnn\\\\\\\\\l\\\\eng\d
=035  \\$a(NIC)notisASF8583
=035  \\$a3601518
=035  \\$a(OCoLC)63897743
=040  \\$aNIC$cNIC$dNIC$dNIC
=100  1\$aMarinaro, Ed.
=245  10$aAll the world's a stage:  an insider's perspective on "Hill Street Blues"$h[sound recording]
=260  \\$c1983.
=300  \\$a2 sound cassettes :$banalog, mono.
=500  \\$aRecorded in Ithaca, NY by Cornell University.
=500  \\$aSponsored by: Interfraternity Council,Dean of Students Office,Graduate School,Council on the Creative and Performing Arts,The Theatre of Ideas.
=500  \\$aSpeaker(s): Former actor on "Hill Street Blues"; alumnus of Cornell.
=518  \\$aLecture, April 15, 1983.
=520  \\$aMarinaro talks of his career as a pro football player and as an actor, explaining the adjustment from athlete to actor.
=610  20$aCornell University$xAlumni and alumnae.
=650  \0$aTelevision$xBiography.
=610  27$aCornell University$2fast$0(OCoLC)fst00530369
=650  \7$aTelevision$2fast$0(OCoLC)fst01146535
=650  \7$aUniversities and colleges$xAlumni and alumnae$2fast$0(OCoLC)fst01161636
=655  \7$aBiography$2fast$0(OCoLC)fst01423686
=899  1\$aCULectures
=905  \\$a20000316120000.0
=948  2\$a20141221$bm$dbatch$elts$xaddfast

