=LDR  01303cim  22003372u 4500
=001  3601523
=005  20151214182857.0
=007  ss|lmnjluz|nuu
=008  991101s1983\\\\nyunnn\\\\\\\\\l\\\\eng\d
=035  \\$a(NIC)notisASF8588
=035  \\$a3601523
=035  \\$a(OCoLC)63897753
=040  \\$aNIC$cNIC$dNIC$dNIC
=100  1\$aVonnegut, Kurt.
=245  10$aKurt Vonnegut, Jr. lectures about his work$h[sound recording]
=260  \\$c1983.
=300  \\$a1 sound cassette (85 min.) :$banalog, mono.
=500  \\$aRecorded in Ithaca, NY by Cornell University.
=500  \\$aSponsored by: Sigma Phi Fraternity,Cornell Daily Sun,University Unions Programming Board.
=518  \\$aLecture, April 17, 1983.
=520  \\$aVonnegut describes life as a Cornell undergraduate and the way to become a "successful" writer.
=540  \\$aNo reproductions authorized.
=600  10$aVonnegut, Kurt.
=610  20$aCornell University$xAlumni and alumnae.
=600  17$aVonnegut, Kurt$2fast$0(OCoLC)fst00036929
=610  27$aCornell University$2fast$0(OCoLC)fst00530369
=650  \7$aUniversities and colleges$xAlumni and alumnae$2fast$0(OCoLC)fst01161636
=830  \0$aJames Norris Oliphant distinguished speakers.
=899  1\$aCULectures
=905  \\$a20000403120000.0
=948  2\$a20141221$bm$dbatch$elts$xaddfast

