=LDR  01140cim  22003132u 4500
=001  3601554
=005  20151214182901.0
=007  ss|lmnjluz|nuu
=008  991101s1983\\\\nyunnn\\\\\\\\\l\\\\eng\d
=035  \\$a(NIC)notisASF8619
=035  \\$a3601554
=035  \\$a(OCoLC)63897803
=040  \\$aNIC$cNIC$dNIC
=100  1\$aCook, Alice.
=245  10$a1984:  women in the workplace$h[sound recording]
=260  \\$c1983.
=300  \\$a1 sound cassette :$banalog, mono.
=500  \\$aRecorded in Ithaca, NY by Cornell University.
=500  \\$aAccompanied by: Notes.
=500  \\$aSpeaker(s): Cook is professor emerita in the New York State School of Industrial and Labor Relations.
=518  \\$aLecture, July 28, 1983.
=520  \\$aCook explores the dimensions of women's increased labor force participation in the United States.
=650  \0$aWomen$xLegal status, laws, etc.
=650  \0$aWomen$xEmployment.
=650  \7$aWomen$xEmployment$2fast$0(OCoLC)fst01176715
=650  \7$aWomen$xLegal status, laws, etc.$2fast$0(OCoLC)fst01176824
=899  1\$aCULectures
=905  \\$a19991201120000.0
=948  2\$a20141221$bm$dbatch$elts$xaddfast

