=LDR  01271cim  22003612u 4500
=001  3601559
=005  20151214182902.0
=007  ss|lmnjluz|nuu
=008  991101s1983\\\\nyunnn\\\\\\\\\l\\\\eng\d
=035  \\$a(NIC)notisASF8624
=035  \\$a3601559
=035  \\$a(OCoLC)63897810
=040  \\$aNIC$cNIC$dNIC$dNIC
=100  1\$aBara{acute}nczak, Stanis{lstrok}aw,$d1946-2014.
=245  10$aPolish poetry under martial law$h[sound recording]
=260  \\$c1983.
=300  \\$a1 sound cassette (55 min.) :$banalog, mono.
=500  \\$aRecorded in Ithaca, NY by Cornell University.
=518  \\$aLecture, September 12, 1983.
=520  \\$aBaranczak discusses the effect of martial law on poetry in Poland.
=650  \0$aPolish poetry$y20th century.
=650  \0$aPolitics and literature.
=651  \0$aPoland$xIntellectual life$y1945-
=650  \0$aMartial law$zPoland.
=648  \7$aSince 1900$2fast
=650  \7$aIntellectual life$2fast$0(OCoLC)fst00975769
=650  \7$aMartial law$2fast$0(OCoLC)fst01010862
=650  \7$aPolish poetry$2fast$0(OCoLC)fst01069141
=650  \7$aPolitics and literature$2fast$0(OCoLC)fst01069960
=651  \7$aPoland$2fast$0(OCoLC)fst01206891
=899  1\$aCULectures
=905  \\$a20000119120000.0
=948  2\$a20141221$bm$dbatch$elts$xaddfast

