=LDR  01151cim  22003012u 4500
=001  3601570
=005  20151214211225.0
=007  ss|lmnjluz|nuu
=008  991101s1983\\\\nyunnn\\\\\\\\\l\\\\eng\d
=035  \\$a(NIC)notisASF8635
=035  \\$a3601570
=035  \\$a(OCoLC)63897828
=040  \\$aNIC$cNIC$dNIC$dNIC
=100  1\$aMcGovern, George S.$q(George Stanley),$d1922-2012.
=245  10$aPresidential forum:  George McGovern$h[sound recording]
=260  \\$c1983.
=300  \\$a1 sound cassette (90 min.) :$banalog, mono.
=500  \\$aRecorded in Ithaca, NY by Cornell University.
=500  \\$aSponsored by: Frontlash.
=518  \\$aLecture, September 29, 1983.
=520  \\$aMcGovern describes his plans if elected in 1984 and discusses some of the problems facing the Reagan administration.
=600  10$aMcGovern, George S.$q(George Stanley),$d1922-2012.
=650  \0$aPresidents$xElection.
=600  17$aMcGovern, George S.$q(George Stanley),$d1922-2012$2fast$0(OCoLC)fst01801258
=650  \7$aPresidents$xElection$2fast$0(OCoLC)fst01075747
=899  1\$aCULectures
=905  \\$a20000330120000.0
=948  2\$a20141221$bm$dbatch$elts$xaddfast

