=LDR  01342cim  22003612u 4500
=001  3601627
=005  20151214182912.0
=007  ss|lmnjluz|nuu
=008  991101s1982\\\\nyunnn\\\\\\\\\l\\\\eng\d
=035  \\$a(NIC)notisASF8692
=035  \\$a3601627
=035  \\$a(OCoLC)63897920
=040  \\$aNIC$cNIC$dNIC
=100  1\$aBishop, Jonathan.
=245  10$aImagination as faith$h[sound recording]
=260  \\$c1982.
=300  \\$a1 sound cassette (60 min.) :$banalog, mono.
=500  \\$aRecorded in Ithaca, NY by Cornell University.
=500  \\$aSponsored by: Graduate Literature Club.
=518  \\$aLecture, November 30, 1982.
=520  \\$aBishop discusses contemporary literature from Fitzgerald to Diddeon as a frame for absolution.
=650  \0$aLiterature, Modern$xHistory and criticism.
=650  \0$aComparative literature$xThemes, motives.
=650  \0$aFaith in literature.
=650  \0$aAbsolution.
=650  \7$aAbsolution$2fast$0(OCoLC)fst00794727
=650  \7$aComparative literature$xThemes, motives$2fast$0(OCoLC)fst01735633
=650  \7$aFaith in literature$2fast$0(OCoLC)fst00919968
=650  \7$aLiterature, Modern$2fast$0(OCoLC)fst01000172
=655  \7$aCriticism, interpretation, etc.$2fast$0(OCoLC)fst01411635
=899  1\$aCULectures
=905  \\$a19991201120000.0
=948  2\$a20141221$bm$dbatch$elts$xaddfast

