=LDR  01327cim  22003492u 4500
=001  3601632
=005  20151214182914.0
=007  ss|lmnjluz|nuu
=008  991101s1982\\\\nyunnn\\\\\\\\\l\\\\eng\d
=035  \\$a(NIC)notisASF8697
=035  \\$a3601632
=035  \\$a(OCoLC)63897927
=040  \\$aNIC$cNIC$dNIC$dNIC
=100  1\$aPadella, Herberto.
=245  14$aThe role of the writer in Cuba$h[sound recording]
=260  \\$c1982.
=300  \\$a2 sound cassettes (80 min.) :$banalog, mono.
=500  \\$aRecorded in Ithaca, NY by Cornell University.
=500  \\$aSponsored by: Cuban Student Society,Latin American Studies Program,Student Finance Commission.
=518  \\$aLecture, December 7, 1982.
=520  \\$aPadella discusses the role of the writer in communist Cuba where he is seen not as a hero, but as an unglorified contributor to social justice.
=650  \0$aAuthors, Cuban.
=650  \0$aCuban literature$y20th century.
=651  \0$aCuba$xIntellectual life.
=648  \7$a1900 - 1999$2fast
=650  \7$aAuthors, Cuban$2fast$0(OCoLC)fst00821914
=650  \7$aCuban literature$2fast$0(OCoLC)fst00884812
=650  \7$aIntellectual life$2fast$0(OCoLC)fst00975769
=651  \7$aCuba$2fast$0(OCoLC)fst01205805
=899  1\$aCULectures
=905  \\$a20000121120000.0
=948  2\$a20141221$bm$dbatch$elts$xaddfast

