=LDR  01142cim  22003132u 4500
=001  3601638
=005  20151214182914.0
=007  ss|lmnjluz|nuu
=008  991101s1983\\\\nyunnn\\\\\\\\\l\\\\eng\d
=035  \\$a(NIC)notisASF8703
=035  \\$a3601638
=035  \\$a(OCoLC)63897945
=040  \\$aNIC$cNIC$dNIC$dNIC
=100  1\$aKahn, Wolf,$d1927-
=245  10$aRestlessness and stability in present day painting$h[sound recording]
=260  \\$c1983.
=300  \\$a1 sound cassette (60 min.) :$banalog, mono.
=500  \\$aRecorded in Ithaca, NY by Cornell University.
=500  \\$aAccompanied by: Notes.
=500  \\$aSponsored by: Council on the Creative and Performing Arts.
=518  \\$aLecture, February 9, 1983.
=520  \\$aKahn discusses current, important issues in art and relates them to contemporary examples in painting.
=650  \0$aArt$xThemes, motives.
=650  \0$aPainting$xThemes, motives.
=650  \7$aArt$xThemes, motives$2fast$0(OCoLC)fst00815381
=650  \7$aPainting$xThemes, motives$2fast$0(OCoLC)fst01050628
=899  1\$aCULectures
=905  \\$a20000217120000.0
=948  2\$a20141221$bm$dbatch$elts$xaddfast

