=LDR  01198cim  22003252u 4500
=001  3601647
=005  20151214182915.0
=007  ss|lmnjluz|nuu
=008  991101s1983\\\\nyunnn\\\\\\\\\l\\\\eng\d
=035  \\$a(NIC)notisASF8712
=035  \\$a3601647
=035  \\$a(OCoLC)63897964
=040  \\$aNIC$cNIC$dNIC
=100  1\$aFriman, Alice R.
=245  10$aAlice R. Friman reads her own poetry$h[sound recording]
=260  \\$c1983.
=300  \\$a1 sound cassette (60 min.) :$banalog, mono.
=500  \\$aRecorded in Ithaca, NY by Cornell University.
=500  \\$aSponsored by: English, Department of.
=518  \\$aReading, February 17, 1983.
=520  \\$aFriman reads three poems which deal with different aspects of the life of King Midas, the man who was given the "golden touch".
=650  \0$aPoetry$xThemes, motives.
=650  \0$aMythology, Classical.
=650  \0$a Midas (Legendary character)
=650  \7$aMidas (Legendary character)$2fast$0(OCoLC)fst01020296
=650  \7$aMythology, Classical$2fast$0(OCoLC)fst01031758
=650  \7$aPoetry$xThemes, motives$2fast$0(OCoLC)fst01067743
=899  1\$aCULectures
=905  \\$a20000330120000.0
=948  2\$a20141221$bm$dbatch$elts$xaddfast

