=LDR  01630cim  22003732u 4500
=001  3601667
=005  20151214182918.0
=007  ss|lmnjluz|nuu
=008  991101s1988\\\\nyunnn\\\\\\\\\l\\\\eng\d
=035  \\$a(NIC)notisASF8732
=035  \\$a3601667
=035  \\$a(OCoLC)63898001
=040  \\$aNIC$cNIC$dNIC$dNIC
=100  1\$aSagan, Carl,$d1934-1996.
=245  10$aGoals for the 21st-century$h[sound recording]
=260  \\$c1988.
=300  \\$a1 sound cassette :$banalog, mono.
=500  \\$aRecorded in Ithaca, NY by Cornell University.
=500  \\$aAccompanied by: Notes.
=500  \\$aSponsored by: Alumni Affairs, Office of.
=500  \\$aSpeaker(s): Sagan is the David Duncan Professor of Astronomy and Space Sciences; Director of the Laboratory for Planetary Studies; creator of "Cosmos" television series and author of "Dragons of Eden", "Broca's Brain", etc.
=518  \\$aLecture, June 10, 1988.
=520  \\$aSagan discusses the socioeconomic implications of present-day expenditures on conventional and nuclear arms as well as the hypothetical recognition of states like South Africa on the future.
=540  \\$aNo reproductions authorized.
=650  \0$aNuclear warfare$xSocial aspects.
=650  \0$aNuclear weapons.
=650  \0$aNuclear nonproliferation.
=650  \7$aNuclear nonproliferation$2fast$0(OCoLC)fst01040376
=650  \7$aNuclear warfare$xSocial aspects$2fast$0(OCoLC)fst01040951
=650  \7$aNuclear weapons$2fast$0(OCoLC)fst01040971
=830  \0$aSpencer T. and Ann W. Olin lectures.
=899  1\$aCULectures
=905  \\$a20000320120000.0
=948  2\$a20141221$bm$dbatch$elts$xaddfast

