=LDR  01590cim  22003732u 4500
=001  3601684
=005  20151214182920.0
=007  ss|lmnjluz|nuu
=008  991101s1981\\\\nyunnn\\\\\\\\\l\\\\eng\d
=035  \\$a(NIC)notisASF8749
=035  \\$a3601684
=035  \\$a(OCoLC)63898031
=040  \\$aNIC$cNIC$dNIC$dNIC
=100  1\$aSinger, Isaac Bashevis,$d1904-1991.
=245  10$aCabala and the modern man$h[sound recording]
=260  \\$c1981.
=300  \\$a1 sound cassette :$banalog, mono.
=500  \\$aRecorded in Ithaca, NY by Cornell University.
=500  \\$aSponsored by: Student Finance Commission,Friends of Israel,Jewish Studies Program,Council on the Creative and Performing Arts,Temple Beth-El,Sigma Phi Fraternity,University Unions Programming Board,Near Eastern Studies, Department of,Young Israel House,Young Judea.
=500  \\$aSpeaker(s): Jewish-American fiction writer.
=518  \\$aLecture, November 4, 1981.
=520  \\$aSinger discusses the significance of cabala--the Jewish theology based on a cipher method of interpreting the scripture--to the sceptical, scientific modern man.
=540  \\$aNo reproductions authorized.
=630  00$aC{acute}abala.
=650  \0$aJewish literature.
=650  \0$aMagic.
=650  \0$aScience and magic.
=630  \7$aC{acute}abala (Title)$2fast$0(OCoLC)fst01358224
=650  \7$aJewish literature$2fast$0(OCoLC)fst00982834
=650  \7$aMagic$2fast$0(OCoLC)fst01005468
=650  \7$aScience and magic$2fast$0(OCoLC)fst01108531
=899  1\$aCULectures
=905  \\$a20000315120000.0
=948  2\$a20141221$bm$dbatch$elts$xaddfast

