=LDR  01343cim  22003252u 4500
=001  3601722
=005  20151214182927.0
=007  ss|lmnjluz|nuu
=008  991101s1989\\\\nyunnn\\\\\\\\\l\\\\eng\d
=035  \\$a(NIC)notisASF8787
=035  \\$a3601722
=035  \\$a(OCoLC)63898095
=040  \\$aNIC$cNIC$dNIC$dNIC
=100  1\$aSedgwick, Eve Kosofsky.
=245  10$aBilly Budd: after the homosexual$h[sound recording]
=260  \\$c1989.
=300  \\$a1 sound cassette (92 min.) :$banalog, mono.
=500  \\$aRecorded in Ithaca, NY by Cornell University.
=500  \\$aAccompanied by: Notes.
=500  \\$aSponsored by: Society for the Humanities.
=500  \\$aSpeaker(s): Professor of English, Duke University.
=518  \\$aLecture, February 20, 1989.
=520  \\$aSedgwick describes the nature of homosexuality as portrayed in Melville's "Billy Budd".  She examines the subject through analysis of characters and conflicts and discusses the effect of AIDS on current homosexual definition.
=600  10$aMelville, Herman,$d1819-1891.$tBilly Budd.    
=650  \0$aHomosexuality and literature.
=630  \7$aBilly Budd (Melville, Herman)$2fast$0(OCoLC)fst01356401
=650  \7$aHomosexuality and literature$2fast$0(OCoLC)fst00959818
=899  1\$aCULectures
=905  \\$a20000313120000.0
=948  2\$a20141221$bm$dbatch$elts$xaddfast

