=LDR  01310cim  22003252u 4500
=001  3601741
=005  20151214182930.0
=007  ss|lmnjluz|nuu
=008  991101s1989\\\\nyunnn\\\\\\\\\l\\\\eng\d
=035  \\$a(NIC)notisASF8806
=035  \\$a3601741
=035  \\$a(OCoLC)63898123
=040  \\$aNIC$cNIC$dNIC$dNIC
=100  1\$aShammas, Anton.
=245  14$aThe Intifadeh: stones and afterthoughts$h[sound recording]
=260  \\$c1989.
=300  \\$a1 sound cassette (75 min.) :$banalog, mono.
=500  \\$aRecorded in Ithaca, NY by Cornell University.
=500  \\$aSponsored by: Arabic and Islamic Studies Committee.
=500  \\$aSpeaker(s): Visiting Fellow, Institute for the Humanities, University of Michigan.
=518  \\$aLecture, March 2, 1989.
=520  \\$aShammas discusses the intransience of the Palestinian Intifadeh uprisings and the extent to which its negative implications for Israel are transformed to more acceptable conclusions by and for Israelis.
=650  \0$aPalestinian Arabs$zIsrael.
=651  \0$aPalestine.
=650  \7$aPalestinian Arabs$2fast$0(OCoLC)fst01051590
=651  \7$aIsrael$2fast$0(OCoLC)fst01204236
=651  \7$aMiddle East$zPalestine$2fast$0(OCoLC)fst01207534
=899  1\$aCULectures
=905  \\$a20000322120000.0
=948  2\$a20141221$bm$dbatch$elts$xaddfast

