=LDR  01894cim  22003852u 4500
=001  3601766
=005  20151214182933.0
=007  ss|lmnjluz|nuu
=008  991101s1989\\\\nyunnn\\\\\\\\\l\\\\eng\d
=035  \\$a(NIC)notisASF8831
=035  \\$a3601766
=035  \\$a(OCoLC)63898170
=040  \\$aNIC$cNIC$dNIC$dNIC
=100  1\$aWashington, Margaret.
=245  10$aBlack women, color, and consciousness: Harriet Jacobs and Pauline Breedlove$h[sound recording]
=260  \\$c1989.
=300  \\$a1 sound cassette :$banalog, mono.
=500  \\$aRecorded in Ithaca, NY by Cornell University.
=500  \\$aSponsored by: Women's Studies Program,History, Department of,Hispanic-American Studies Program (HASP),Asian-American Studies Program,American Indian Program,Africana Studies and Research Center.
=500  \\$aSpeaker(s): Professor of history, Cornell.
=518  \\$aLecture, March 11, 1989.
=520  \\$aThandekile Mvusi of Mount Holyoke College was originally scheduled to make this presentation, but was unable to attend the conference. Washington steps in to provide her own rough interpretation of this subject, discussing the acculturation process in America today in which Blacks lose their identitities and conform to white society.
=650  \0$aAfrican American women$zUnited States.
=650  \0$aAcculturation$zUnited States.
=650  \0$aBlack race$xColor.
=650  \0$aAfrican Americans$xSocial conditions.
=650  \7$aAcculturation$2fast$0(OCoLC)fst00795535
=650  \7$aAfrican American women$2fast$0(OCoLC)fst00799438
=650  \7$aAfrican Americans$xSocial conditions$2fast$0(OCoLC)fst00799698
=650  \7$aBlack race$xColor$2fast$0(OCoLC)fst00833753
=651  \7$aUnited States$2fast$0(OCoLC)fst01204155
=830  \0$aWomen of color in the United States.
=899  1\$aCULectures
=905  \\$a19991217120000.0
=948  2\$a20141221$bm$dbatch$elts$xaddfast

