=LDR  01775cim  22003852u 4500
=001  3601773
=005  20151214182935.0
=007  ss|lmnjluz|nuu
=008  991101s1989\\\\nyunnn\\\\\\\\\l\\\\eng\d
=035  \\$a(NIC)notisASF8838
=035  \\$a3601773
=035  \\$a(OCoLC)63898180
=040  \\$aNIC$cNIC$dNIC$dNIC
=100  1\$aWeddington, Sarah Ragle.
=245  14$aThe future of abortion$h[sound recording]
=260  \\$c1989.
=300  \\$a2 sound cassettes (100 min.) :$banalog, mono.
=500  \\$aRecorded in Ithaca, NY by Cornell University.
=500  \\$aSponsored by: Cornell University Program Board,Sigma Phi Fraternity.
=500  \\$aSpeaker(s): Weddington defended Jane Roe in the landmark Roe vs. Wade Supreme Court case. Schlafly headed the campaign that defeated the ratification of the ERA.
=518  \\$aDebate, March 14, 1989.
=520  \\$aWeddington and Shlafly debate the ethical aspects of abortion and the future of legislation on abortion in the United States.  Weddington argues that abortion is a woman's legal and moral right of choice; Shlafly argues that abortion is murder and should be made illegal.
=650  \0$aAbortion$xLaw and legislation$zUnited States.
=650  \0$aAbortion$xMoral and ethical aspects.
=650  \0$aPro-choice movement.
=650  \0$aPro-life movement.
=650  \7$aAbortion$xLaw and legislation$2fast$0(OCoLC)fst00794598
=650  \7$aAbortion$xMoral and ethical aspects$2fast$0(OCoLC)fst00794606
=650  \7$aPro-choice movement$2fast$0(OCoLC)fst01077721
=650  \7$aPro-life movement$2fast$0(OCoLC)fst01077725
=651  \7$aUnited States$2fast$0(OCoLC)fst01204155
=700  1\$aSchlafly, Phyllis.
=899  1\$aCULectures
=905  \\$a20000406120000.0
=948  2\$a20141221$bm$dbatch$elts$xaddfast

