=LDR  01680cim  22003972u 4500
=001  3601778
=005  20151214182936.0
=007  ss|lmnjluz|nuu
=008  991101s1989\\\\nyunnn\\\\\\\\\l\\\\eng\d
=035  \\$a(NIC)notisASF8843
=035  \\$a3601778
=035  \\$a(OCoLC)63898188
=040  \\$aNIC$cNIC$dNIC$dNIC
=100  1\$aHite, Molly,$d1947-
=245  10$aMolly Hite and Fred Muratori read from their works$h[sound recording]
=260  \\$c1989.
=300  \\$a1 sound cassette :$banalog, mono.
=500  \\$aRecorded in Ithaca, NY by Cornell University.
=500  \\$aSponsored by: English, Department of,Graduate Literature Club.
=500  \\$aSpeaker(s): Hite is a professor of English at Cornell and is the author of "Class Porn"; Muratori is the author of "The Possible" a selection of poems.
=518  \\$aReading, March 16, 1989.
=520  \\$aMuratori discusses and reads his poems which reflect on perfection v. reality as well as the urgency of time.  Hite reads from her new book of fiction, "Acquired Immunity".
=600  10$aHite, Molly,$d1947-
=600  10$aMuratori, Fred,$d1951-
=650  \0$aAmerican poetry$y20th century.
=650  \0$aAmerican fiction$xWomen authors$y20th century.
=600  17$aHite, Molly,$d1947-$2fast$0(OCoLC)fst01456938
=600  17$aMuratori, Fred,$d1951-$2fast$0(OCoLC)fst01515885
=648  \7$a1900 - 1999$2fast
=650  \7$aAmerican fiction$xWomen authors$2fast$0(OCoLC)fst00807099
=650  \7$aAmerican poetry$2fast$0(OCoLC)fst00807348
=700  1\$aMuratori, Fred,$d1951-
=830  \0$aWriters at Cornell read.
=899  1\$aCULectures
=905  \\$a20000407120000.0
=948  2\$a20141221$bm$dbatch$elts$xaddfast

