=LDR  01754cim  22003852u 4500
=001  3601784
=005  20151214182937.0
=007  ss|lmnjluz|nuu
=008  991101s1989\\\\nyunnn\\\\\\\\\l\\\\eng\d
=035  \\$a(NIC)notisASF8849
=035  \\$a3601784
=035  \\$a(OCoLC)63898194
=040  \\$aNIC$cNIC$dNIC$dNIC
=100  1\$aCarmichael, Stokely,$d1941-1998.
=245  10$aFulfilling our destiny: self-empowerment in the face of oppression$h[sound recording]
=260  \\$c1989.
=300  \\$a2 sound cassettes (150 min.) :$banalog, mono.
=500  \\$aRecorded in Ithaca, NY by Cornell University.
=500  \\$aSponsored by: Ujamaa Residential College.
=500  \\$aSpeaker(s): Kwame Toure, formerly known as Stokely Carmichael, is the former prime minister of the Black Panthers.
=518  \\$aLecture, March 29, 1989.
=520  \\$aToure discusses the ties of black people to Africa, the ways in which they are discriminated against in America through capitalism and oppression, and the need for blacks to unite in a conscious effort to stop injustice.
=650  \0$aAfrican Americans$zAfrica.
=650  \0$aAssociations, institutions, etc.$xAfrican American membership.
=650  \0$aCapitalism$zUnited States.
=650  \0$aRace discrimination$zUnited States.
=650  \7$aAfrican Americans$2fast$0(OCoLC)fst00799558
=650  \7$aAssociations, institutions, etc.$xAfrican American membership$2fast$0(OCoLC)fst00819171
=650  \7$aCapitalism$2fast$0(OCoLC)fst00846425
=650  \7$aRace discrimination$2fast$0(OCoLC)fst01086465
=651  \7$aAfrica$2fast$0(OCoLC)fst01239509
=651  \7$aUnited States$2fast$0(OCoLC)fst01204155
=899  1\$aCULectures
=905  \\$a20000114120000.0
=948  2\$a20141221$bm$dbatch$elts$xaddfast

