=LDR  01927cim  22003972u 4500
=001  3601796
=005  20151214182939.0
=007  ss|lmnjluz|nuu
=008  991101s1989\\\\nyunnn\\\\\\\\\l\\\\eng\d
=035  \\$a(NIC)notisASF8861
=035  \\$a3601796
=035  \\$a(OCoLC)63898213
=040  \\$aNIC$cNIC$dNIC$dNIC
=100  1\$aMailer, Norman.
=245  14$aThe right to write$h[sound recording]
=260  \\$c1989.
=300  \\$a2 sound cassettes :$banalog, mono.
=500  \\$aRecorded in Ithaca, NY by Cornell University.
=500  \\$aSponsored by: Cornell University Program Board,Alpha Delta Phi Fraternity.
=500  \\$aSpeaker(s): Pulitzer prize winner; co-founder of The Village Voice; author of The Armies of the Night, The Naked and the Dead, The Executioner's Song, Tough Guys Don't Dance, and other works.
=518  \\$aLecture, April 4, 1989.
=520  \\$aMailer talks of his involvement with the group of writers who spoke out against the Ayatollah Khomeni's death threats to Salmon Rushdie and against Walden Books, who pulled Rushdie's book, "Satanic Verses", from their shelves. He recounts the meeting between the writers and a group of Black Muslims to come to some understanding of their opposing positions.  He tries to convey a sense of what Khomeni's threat symbolized to Western writers.
=600  10$aRushdie, Salman.$tSatanic verses.
=650  \0$aCensorship.
=650  \0$aProhibited books.
=650  \0$aMuslims.
=650  \0$aLiterature, Modern$y20th century.
=630  \7$aSatanic verses (Rushdie, Salman)$2fast$0(OCoLC)fst01374831
=648  \7$a1900 - 1999$2fast
=650  \7$aCensorship$2fast$0(OCoLC)fst00850568
=650  \7$aLiterature, Modern$2fast$0(OCoLC)fst01000172
=650  \7$aMuslims$2fast$0(OCoLC)fst01031029
=650  \7$aProhibited books$2fast$0(OCoLC)fst01078755
=899  1\$aCULectures
=905  \\$a20000120120000.0
=948  2\$a20141221$bm$dbatch$elts$xaddfast

