=LDR  01686cim  22003612u 4500
=001  3601802
=005  20151214182940.0
=007  ss|lmnjluz|nuu
=008  991101s1989\\\\nyunnn\\\\\\\\\l\\\\eng\d
=035  \\$a(NIC)notisASF8867
=035  \\$a3601802
=035  \\$a(OCoLC)63898224
=040  \\$aNIC$cNIC$dNIC$dNIC
=100  1\$aLee, Spike.
=245  10$aSpike Lee talk about his films$h[sound recording]
=260  \\$c1989.
=300  \\$a1 sound cassette (80 min.) :$banalog, mono.
=500  \\$aRecorded in Ithaca, NY by Cornell University.
=500  \\$aSponsored by: Africana Studies and Research Center,Third World Programming Board,Theatre Arts, Department of,Council on the Creative and Performing Arts,Pentangle,Cornell Cinema.
=500  \\$aSpeaker(s): Filmmaker; director of "She's Gotta Have It" and "School Daze".
=518  \\$aDiscussion, April 6, 1989.
=520  \\$aFollowing a screening of "School Daze," Lee answers questions from the audience regarding such issues as his experiences as a black filmaker, his intentions in making the film, and his views on the social and political questions it raises.
=600  10$aLee, Spike.
=650  \0$aAfrican American motion picture producers and directors.
=650  \0$aAfrican Americans in motion pictures.
=600  17$aLee, Spike$2fast$0(OCoLC)fst00201121
=650  \7$aAfrican American motion picture producers and directors$2fast$0(OCoLC)fst00799269
=650  \7$aAfrican Americans in motion pictures$2fast$0(OCoLC)fst00799733
=830  \0$aToni Morrison lectures.
=830  \0$aRose Goldsen memorial lectures.
=899  1\$aCULectures
=905  \\$a20000329120000.0
=948  2\$a20141221$bm$dbatch$elts$xaddfast

