=LDR  01892cim  22003972u 4500
=001  3601822
=005  20151214182942.0
=007  ss|lmnjluz|nuu
=008  991101s1981\\\\nyunnn\\\\\\\\\l\\\\eng\d
=035  \\$a(NIC)notisASF8887
=035  \\$a3601822
=035  \\$a(OCoLC)63898271
=040  \\$aNIC$cNIC$dNIC$dNIC
=100  1\$aSteinem, Gloria.
=245  10$aReaganomics and women$h[sound recording]
=260  \\$c1981.
=300  \\$a2 sound cassettes :$banalog, mono.
=500  \\$aRecorded in Ithaca, NY by Cornell University.
=500  \\$aSponsored by: University Unions Program Board,Interfraternity Council,Sigma Chi,Alpha Delta Phi,Panhellenic Council,Women's Studies Program,Women's resource Center,Alpha Phi Omega,Mortar Board Honor Society,ILR Student Government,Unions and Activities, Department of.
=500  \\$aSpeaker(s): Political journalist; on the national boards of the National Organization for Women and the National Women's Political Caucus; editor, Ms. magazine.
=518  \\$aLecture, November 15, 1981.
=520  \\$aSteinem criticizes the Reagan administration for its stance on issues concerning women, abortion, and minorities.  She discusses the need for the more unified organization of women in politics.
=540  \\$aNo reproductions authorized.
=650  \0$aSupply-side economics.
=650  \0$aEqual rights amendments$zUnited States.
=650  \0$aDiscrimination.
=650  \0$aWomen's rights$zUnited States.
=650  \7$aDiscrimination$2fast$0(OCoLC)fst00894985
=650  \7$aEqual rights amendments$2fast$0(OCoLC)fst00914449
=650  \7$aSupply-side economics$2fast$0(OCoLC)fst01139124
=650  \7$aWomen's rights$2fast$0(OCoLC)fst01178818
=651  \7$aUnited States$2fast$0(OCoLC)fst01204155
=830  \0$aReaganomics and minorities.
=899  1\$aCULectures
=905  \\$a20000327120000.0
=948  2\$a20141221$bm$dbatch$elts$xaddfast

