=LDR  01271cim  22003492u 4500
=001  3601860
=005  20151214182950.0
=007  ss|lmnjluz|nuu
=008  991101s1982\\\\nyunnn\\\\\\\\\l\\\\eng\d
=035  \\$a(NIC)notisASF8925
=035  \\$a3601860
=035  \\$a(OCoLC)63898374
=040  \\$aNIC$cNIC$dNIC$dNIC
=100  1\$aHartigan, Grace.
=245  10$aLecturing on her work$h[sound recording]
=260  \\$c1982.
=300  \\$a1 sound cassette :$banalog, mono.
=500  \\$aRecorded in Ithaca, NY by Cornell University.
=500  \\$aSponsored by: Art, Department of.
=500  \\$aSpeaker(s): Painter; Director, Haffburger Graduate School of Painting, Merrill Institute.
=518  \\$aLecture, March 23, 1982.
=520  \\$aHartigan discusses her background as an artist and gives a slide show of her works, discussing the history of each painting.
=540  \\$aNo reproductions authorized.
=600  10$aHartigan, Grace.
=650  \0$aPainting, American.
=650  \0$aArt, American.
=600  17$aHartigan, Grace$2fast$0(OCoLC)fst00083199
=650  \7$aArt, American$2fast$0(OCoLC)fst00815895
=650  \7$aPainting, American$2fast$0(OCoLC)fst01050648
=899  1\$aCULectures
=905  \\$a20000407120000.0
=948  2\$a20141221$bm$dbatch$elts$xaddfast

