=LDR  01366cim  22003612u 4500
=001  3601895
=005  20151214182955.0
=007  ss|lmnjluz|nuu
=008  991101s1982\\\\nyunnn\\\\\\\\\l\\\\eng\d
=035  \\$a(NIC)notisASF8960
=035  \\$a3601895
=035  \\$a(OCoLC)63898441
=040  \\$aNIC$cNIC$dNIC$dNIC
=100  1\$aRich, Adrienne,$d1929-2012.
=245  10$aAdrienne Rich reads her own poetry$h[sound recording]
=260  \\$c1982.
=300  \\$a2 sound cassettes :$banalog, mono.
=500  \\$aRecorded in Ithaca, NY by Cornell University.
=500  \\$aSponsored by: Women's Studies Program.
=500  \\$aSpeaker(s): Andrew D. White Professor-at-Large; poet and leading feminist thinker.
=518  \\$aReading, May 5, 1982.
=520  \\$aRich reads a collections of her poems which illustrate her feminist views on issues such as the Holocaust, racism and sexuality.
=540  \\$aNo reproductions authorized.
=600  10$aRich, Adrienne,$d1929-2012.
=650  \0$aFeminism in literature.
=650  \0$aWomen$xPoetry.
=600  17$aRich, Adrienne,$d1929-2012$2fast$0(OCoLC)fst01799606
=650  \7$aFeminism in literature$2fast$0(OCoLC)fst00922752
=650  \7$aWomen$2fast$0(OCoLC)fst01176568
=655  \7$aPoetry$2fast$0(OCoLC)fst01423828
=899  1\$aCULectures
=905  \\$a20000316120000.0
=948  2\$a20141221$bm$dbatch$elts$xaddfast

