=LDR  01234cim  22003252u 4500
=001  3601915
=005  20151214182957.0
=007  ss|lmnjluz|nuu
=008  991101s1988\\\\nyunnn\\\\\\\\\l\\\\eng\d
=035  \\$a(NIC)notisASF8980
=035  \\$a3601915
=035  \\$a(OCoLC)63898478
=040  \\$aNIC$cNIC$dNIC$dNIC
=100  1\$aDraitser, Emil,$d1937-
=245  10$aFrom Russia with laughs: Soviet underground humor$h[sound recording]
=260  \\$c1988.
=300  \\$a1 sound cassette (60 min.) :$banalog, mono.
=500  \\$aRecorded in Ithaca, NY by Cornell University.
=500  \\$aSponsored by: Russian Literature, Department of.
=500  \\$aSpeaker(s): Professor of Russian at Hunter College and New York School of Comedy.
=518  \\$aLecture, September 19, 1988.
=520  \\$aDraitser describes Soviet humor and compares it to that of the United States.
=651  \0$aSoviet Union$xSocial life and customs.
=650  \0$aRussian wit and humor.
=650  \7$aManners and customs$2fast$0(OCoLC)fst01007815
=650  \7$aRussian wit and humor$2fast$0(OCoLC)fst01102423
=651  \7$aSoviet Union$2fast$0(OCoLC)fst01210281
=899  1\$aCULectures
=905  \\$a20000405120000.0
=948  2\$a20141221$bm$dbatch$elts$xaddfast

