=LDR  01328cim  22003252u 4500
=001  3601920
=005  20151214182958.0
=007  ss|lmnjluz|nuu
=008  991101s1988\\\\nyunnn\\\\\\\\\l\\\\eng\d
=035  \\$a(NIC)notisASF8985
=035  \\$a3601920
=035  \\$a(OCoLC)63898486
=040  \\$aNIC$cNIC$dNIC$dNIC
=100  1\$aMohawk, John,$d1945-2006.
=245  10$aDenonville and Sullivan campaigns: record of Iroquois agriculture$h[sound recording]
=260  \\$c1988.
=300  \\$a2 sound cassettes :$banalog, mono.
=500  \\$aRecorded in Ithaca, NY by Cornell University.
=500  \\$aAccompanied by: Notes.
=500  \\$aSponsored by: American Indian Program.
=500  \\$aSpeaker(s): Professor of American studies, SUNY-Buffalo.
=518  \\$aLecture, September 26, 1988.
=520  \\$aMohawk shifts his presentation from a discussion of Indian agricultural practices to focus on the contributions which the Iroquois Indians made to the construction of the United States Constitution.
=650  \0$aIndians of North America$xIroquois Indians$xAgriculture.
=650  \0$aIroquois Indians.
=650  \7$aIroquois Indians$2fast$0(OCoLC)fst00979404
=830  \0$aCultural encounter: corn--Indian gift to the world.
=899  1\$aCULectures
=905  \\$a20000301120000.0
=948  2\$a20141221$bm$dbatch$elts$xaddfast

