=LDR  01318cim  22003252u 4500
=001  3601925
=005  20151214182959.0
=007  ss|lmnjluz|nuu
=008  991101s1988\\\\nyunnn\\\\\\\\\l\\\\eng\d
=035  \\$a(NIC)notisASF8990
=035  \\$a3601925
=035  \\$a(OCoLC)63898494
=040  \\$aNIC$cNIC$dNIC$dNIC
=100  1\$aSnodgrass, W. D.$q(William De Witt),$d1926-2009.
=245  10$aW.D. Snodgrass reads his own poetry$h[sound recording]
=260  \\$c1988.
=300  \\$a1 sound cassette :$banalog, mono.
=500  \\$aRecorded in Ithaca, NY by Cornell University.
=500  \\$aSponsored by: English, Department of.
=500  \\$aSpeaker(s): 1960 Pulitzer Prize winner in poetry for his first book, "Heart's Needle"; visiting professor of poetry, Cornell.
=518  \\$aReading, September 26, 1988.
=520  \\$aSnodgrass reads passages from autobiographical sketches composed while he was visiting and working in Mexico.
=600  10$aSnodgrass, W. D.$q(William De Witt),$d1926-2009.
=650  \0$aPoetry, Modern$y20th century.
=600  17$aSnodgrass, W. D.$q(William De Witt),$d1926-2009$2fast$0(OCoLC)fst01733107
=648  \7$a1900 - 1999$2fast
=650  \7$aPoetry, Modern$2fast$0(OCoLC)fst01067769
=899  1\$aCULectures
=905  \\$a20000405120000.0
=948  2\$a20141221$bm$dbatch$elts$xaddfast

