=LDR  01284cim  22003252u 4500
=001  3601941
=005  20160106133446.0
=007  ss|lmnjluz|nuu
=008  991101s1988\\\\nyunnn\\\\\\\\\l\\\\eng\d
=035  \\$a(NIC)notisASF9006
=035  \\$a3601941
=035  \\$a(OCoLC)63898527
=040  \\$aNIC$cNIC$dNIC$dNIC
=100  1\$aBrant, Beth,$d1941-2015.
=245  10$aBeth Brant reads from her own work$h[sound recording]
=260  \\$c1988.
=300  \\$a1 sound cassette :$banalog, mono.
=500  \\$aRecorded in Ithaca, NY by Cornell University.
=500  \\$aSponsored by: Cornell Women's Studies Program,Firebrand Books,Gays, Bisexuals and Lesbians of Color.
=500  \\$aSpeaker(s): Author of "Mohawk Trail"; editor of "A Gathering of Spirit", a Native American feminist anthology.
=518  \\$aReading, October 3, 1988.
=520  \\$aBrant reads from her book, "Mohawk Trail", an anthology of native American feminist writings.
=650  \0$aIndians of North America$xLiterature.
=650  \0$aWomen authors.
=650  \0$aLiterature$xIndian authors.
=650  \7$aLiterature$xIndian authors$2fast$0(OCoLC)fst00999992
=650  \7$aWomen authors$2fast$0(OCoLC)fst01177198
=899  1\$aCULectures
=905  \\$a20000307120000.0
=948  2\$a20141221$bm$dbatch$elts$xaddfast

