=LDR  01227cim  22003252u 4500
=001  3601944
=005  20151214183002.0
=007  ss|lmnjluz|nuu
=008  991101s1988\\\\nyunnn\\\\\\\\\l\\\\eng\\
=035  \\$a(NIC)notisASF9009
=035  \\$a3601944
=035  \\$a(OCoLC)63898530
=040  \\$aNIC$cNIC$dNIC$dNIC
=100  1\$aDerrida, Jacques.
=240  10$aPolitiques de l'amiti{acute}e.$lEnglish
=245  14$aThe politics of friendship$h[sound recording]
=260  \\$c1988.
=300  \\$a1 sound cassette (70 min.) :$banalog, mono.
=500  \\$aRecorded in Ithaca, NY by Cornell University.
=500  \\$aSponsored by: Andrew D. White Professors-at-Large Program.
=500  \\$aSpeaker(s): Professor of the History of Philosophy, Ecole des Hautes Etudes en Sciences Sociales, Paris; Andrew D. White Professor-at-Large.
=518  \\$aLecture, October 3, 1988.
=520  \\$aDerrida addresses the concepts and meanings of friendship with a philosophical interpretation.
=650  \0$aFriendship.
=650  \0$aPhilosophy.
=650  \7$aFriendship$2fast$0(OCoLC)fst00935174
=650  \7$aPhilosophy$2fast$0(OCoLC)fst01060777
=899  1\$aCULectures
=905  \\$a19991201120000.0
=948  2\$a20141221$bm$dbatch$elts$xaddfast

