=LDR  01725cim  22003732u 4500
=001  3601956
=005  20151214183004.0
=007  ss|lmnjluz|nuu
=008  991101s1988\\\\nyunnn\\\\\\\\\l\\\\eng\d
=035  \\$a(NIC)notisASF9021
=035  \\$a3601956
=035  \\$a(OCoLC)63898551
=040  \\$aNIC$cNIC$dNIC$dNIC
=100  1\$aMernissi, Fatima.
=245  14$aThe veil as magic in non-Democratic Islam: the word and the deed or the symbolic management of incoherence$h[sound recording]
=260  \\$c1988.
=300  \\$a1 sound cassette :$banalog, mono.
=500  \\$aRecorded in Ithaca, NY by Cornell University.
=500  \\$aAccompanied by: Notes.
=500  \\$aSponsored by: University Lectures Committee,Center for International Studies,Society for the Humanities,Women's Studies Program,Faculty Committee on Arabic and Islamic Studies of the College of Arts and Sciences.
=500  \\$aSpeaker(s): Universite Mohamed V. Institut, Universitaire de la Recherche Scientifique, Morocco.
=518  \\$aLecture, October 7, 1988.
=520  \\$aMernissi attributes the suppression of women's rights in the Muslim world to the advent of Islam and describes the role of women in modern Muslim society.
=650  \0$aMuslim women$xSocial conditions.
=650  \0$aWomen in Islam.
=650  \0$aWomen (Islamic law)
=650  \7$aMuslim women$xSocial conditions$2fast$0(OCoLC)fst01031015
=650  \7$aWomen in Islam$2fast$0(OCoLC)fst01177797
=650  \7$aWomen (Islamic law)$2fast$0(OCoLC)fst01735659
=830  \0$aFeminist perspectives on women in the Arabo-Islamic culture.
=830  \0$aArabic and Islamic lectures.
=899  1\$aCULectures
=905  \\$a20000417120000.0
=948  2\$a20141221$bm$dbatch$elts$xaddfast

