=LDR  01683cim  22003852u 4500
=001  3601962
=005  20151214183005.0
=007  ss|lmnjluz|nuu
=008  991101s1988\\\\nyunnn\\\\\\\\\l\\\\eng\d
=035  \\$a(NIC)notisASF9027
=035  \\$a3601962
=035  \\$a(OCoLC)63898564
=040  \\$aNIC$cNIC$dNIC
=100  1\$aRishmawi, Mona.
=245  10$aArab women and political struggles: the case of Palestinian women during the Intifadah$h[sound recording]
=260  \\$c1988.
=300  \\$a1 sound cassette (70 min.) :$banalog, mono.
=500  \\$aRecorded in Ithaca, NY by Cornell University.
=500  \\$aAccompanied by: Notes.
=500  \\$aSponsored by: University Lectures Committee,Center for International Studies,Society for the Humanities,Women's Studies Program,Faculty Committee on Arabic and Islamic Studies of the College of Arts and Sciences.
=500  \\$aSpeaker(s): Practicing lawyer, Human rights activist in Al-Haqq, Ramallah, the West Bank.
=518  \\$aLecture, October 8, 1988.
=520  \\$aRishmawi discusses the role of Palestinian women in the Intifadah.
=650  \0$aWomen in Islam.
=650  \0$aWomen, Palestinian Arab.
=650  \0$aWomen$xPolitical activity$zArab countries.
=650  \7$aWomen in Islam$2fast$0(OCoLC)fst01177797
=650  \7$aWomen, Palestinian Arab$2fast$0(OCoLC)fst01179079
=650  \7$aWomen$xPolitical activity$2fast$0(OCoLC)fst01734136
=651  \7$aArab countries$2fast$0(OCoLC)fst01240128
=830  \0$aFeminist perspectives on women in the Arabo-Islamic culture.
=830  \0$aArabic and Islamic lectures.
=899  1\$aCULectures
=905  \\$a20000316120000.0
=948  2\$a20141221$bm$dbatch$elts$xaddfast

