=LDR  01491cim  22003852u 4500
=001  3601967
=005  20151214183007.0
=007  ss|lmnjluz|nuu
=008  991101s1988\\\\nyunnn\\\\\\\\\l\\\\eng\d
=035  \\$a(NIC)notisASF9032
=035  \\$a3601967
=035  \\$a(OCoLC)63898570
=040  \\$aNIC$cNIC$dNIC$dNIC
=100  1\$aFuentes, Carlos.
=245  10$aCarlos Fuentes reads from his work$h[sound recording]
=260  \\$c1988.
=300  \\$a1 sound cassette (63 min.) :$banalog, mono.
=500  \\$aRecorded in Ithaca, NY by Cornell University.
=500  \\$aSponsored by: Romance Studies, Department of.
=500  \\$aSpeaker(s): He is a Mexican novelist.
=518  \\$aReading, October 12, 1988.
=520  \\$aFuentes discusses his motivations for writing and the functions and expectations of writers in Latin America.  The author quotes examples from his own writings to illustrate topics.
=600  10$aFuentes, Carlos.
=650  \0$aAuthors, Latin American.
=650  \0$aAuthors, Mexican.
=650  \0$aLatin American literature$y20th century.
=600  17$aFuentes, Carlos$2fast$0(OCoLC)fst00050724
=648  \7$a1900 - 1999$2fast
=650  \7$aAuthors, Latin American$2fast$0(OCoLC)fst00822201
=650  \7$aAuthors, Mexican$2fast$0(OCoLC)fst00822228
=650  \7$aLatin American literature$2fast$0(OCoLC)fst00993031
=830  \0$aRose Goldsen memorial lectures.
=899  1\$aCULectures
=905  \\$a20000313120000.0
=948  2\$a20141221$bm$dbatch$elts$xaddfast

