=LDR  01616cim  22003852u 4500
=001  3601971
=005  20151214183007.0
=007  ss|lmnjluz|nuu
=008  991101s1988\\\\nyunnn\\\\\\\\\l\\\\eng\d
=035  \\$a(NIC)notisASF9036
=035  \\$a3601971
=035  \\$a(OCoLC)63898575
=040  \\$aNIC$cNIC$dNIC$dNIC
=100  1\$aSeznec, Alain.
=245  14$aThe Library in the next 25 years: books, computers, information, and research--the basic materials for building tomorrow$h[sound recording]
=260  \\$c1988.
=300  \\$a1 sound cassette (92 min.) :$banalog, mono.
=500  \\$aRecorded in Ithaca, NY by Cornell University.
=500  \\$aSponsored by: Library Development, Office of.
=518  \\$aPanel, October 14, 1988.
=520  \\$aA panel discussion concerning the necessity of building an annexation or separate building to provide space for the explosion of new library materials at Cornell.
=650  \0$aAcademic libraries$zNew York (State)
=610  20$aCornell University$xLibraries.
=650  \0$aAcademic libraries$xAcquisitions.
=650  \0$aAcquisitions (Libraries)
=610  27$aCornell University$2fast$0(OCoLC)fst00530369
=650  \7$aAcademic libraries$2fast$0(OCoLC)fst00794997
=650  \7$aAcademic libraries$xAcquisitions$2fast$0(OCoLC)fst00794999
=650  \7$aAcquisitions (Libraries)$2fast$0(OCoLC)fst00796015
=650  \7$aLibraries$2fast$0(OCoLC)fst00997341
=651  \7$aNew York (State)$2fast$0(OCoLC)fst01210280
=830  \0$aTrustee Council Weekend events.
=899  1\$aCULectures
=905  \\$a20000314120000.0
=948  2\$a20141221$bm$dbatch$elts$xaddfast

