=LDR  01406cim  22003372u 4500
=001  3601981
=005  20151214183009.0
=007  ss|lmnjluz|nuu
=008  991101s1988\\\\nyunnn\\\\\\\\\l\\\\eng\d
=035  \\$a(NIC)notisASF9046
=035  \\$a3601981
=035  \\$a(OCoLC)63898595
=040  \\$aNIC$cNIC$dNIC
=100  1\$aBarrett, Michele.
=245  10$aRecent developments in feminist theory: "women's oppression today" reconsidered$h[sound recording]
=260  \\$c1988.
=300  \\$a1 sound cassette (85 min.) :$banalog, mono.
=500  \\$aRecorded in Ithaca, NY by Cornell University.
=500  \\$aSponsored by: Society for the Humanities.
=500  \\$aSpeaker(s): She is senior fellow at the City University at London.
=518  \\$aLecture, October 19, 1988.
=520  \\$aBarrett describes a new feminist interest in the body which varies significantly from the work of Foucault and from recent discussions of cyborgs.  She suggests that this new interest is tied to the broader feminist concern with the politics of reproductive choice.
=650  \0$aFeminism.
=650  \0$aFeminist literature.
=650  \0$aWomen authors.
=650  \7$aFeminism$2fast$0(OCoLC)fst00922671
=650  \7$aFeminist literature$2fast$0(OCoLC)fst00922784
=650  \7$aWomen authors$2fast$0(OCoLC)fst01177198
=899  1\$aCULectures
=905  \\$a19991201120000.0
=948  2\$a20141221$bm$dbatch$elts$xaddfast

