=LDR  01786cim  22004092u 4500
=001  3601985
=005  20151214183010.0
=007  ss|lmnjluz|nuu
=008  991101s1988\\\\nyunnn\\\\\\\\\l\\\\eng\d
=035  \\$a(NIC)notisASF9050
=035  \\$a3601985
=035  \\$a(OCoLC)63898603
=040  \\$aNIC$cNIC$dNIC$dNIC
=100  1\$aFitzpatrick, Sheila.
=245  10$aProvincial Stalinism: scenes from the Great Purge 1937$h[sound recording]
=260  \\$c1988.
=300  \\$a1 sound cassette :$banalog, mono.
=500  \\$aRecorded in Ithaca, NY by Cornell University.
=500  \\$aSponsored by: University Lectures Committee,Committee on Soviet Studies,History, Department of.
=500  \\$aSpeaker(s): Oliver H. Radkey Regents' Professor of History, University of Texas at Austin.
=518  \\$aLecture, October 20, 1988.
=520  \\$aFitzpatrick reviews the Moscow and provincial trials, emphasizing the latter's role in the Great Purge of 1937 and the struggles of peasants to testify against officials on trial.
=651  \0$aSoviet Union$xHistory$y1925-1953.
=650  \0$aLaw$zSoviet Union.
=650  \0$aTrials (Political crimes and offenses)$zRussian S.F.S.R.
=650  \0$aMoscow Trials, Moscow, Russia, 1936-1937.
=611  27$aMoscow Trials (Russia : 1936-1937)$2fast$0(OCoLC)fst01709887
=648  \7$a1925 - 1953$2fast
=650  \7$aLaw$2fast$0(OCoLC)fst00993678
=650  \7$aTrials (Political crimes and offenses)$2fast$0(OCoLC)fst01156388
=651  \7$aRussia (Federation)$2fast$0(OCoLC)fst01262050
=651  \7$aRussia (Federation)$zMoscow$2fast$0(OCoLC)fst01205741
=651  \7$aSoviet Union$2fast$0(OCoLC)fst01210281
=830  \0$aUniversity lectures.
=899  1\$aCULectures
=905  \\$a20000405120000.0
=948  2\$a20141221$bm$dbatch$elts$xaddfast

