=LDR  01478cim  22003612u 4500
=001  3601991
=005  20151214183011.0
=007  ss|lmnjluz|nuu
=008  991101s1988\\\\nyunnn\\\\\\\\\l\\\\eng\d
=035  \\$a(NIC)notisASF9056
=035  \\$a3601991
=035  \\$a(OCoLC)63898610
=040  \\$aNIC$cNIC$dNIC$dNIC
=100  1\$aGreenburg, Reuben.
=245  10$aBeing Black and Jewish$h[sound recording]
=260  \\$c1988.
=300  \\$a1 sound cassette :$banalog, mono.
=500  \\$aRecorded in Ithaca, NY by Cornell University.
=500  \\$aSponsored by: Jewish Studies Program,Near Eastern Studies, Department of,Africana Studies and Research Center.
=500  \\$aSpeaker(s): Reuben Greenburg is chief of the Charleston Police Department.
=518  \\$aLecture, October 24, 1988.
=520  \\$aGreenburg addresses anti-semitic and racist trends in the United States, tracing similarities and contrasts between the black and Jewish community and their impact on images of Jews and blacks.
=650  \0$aAntisemitism$zUnited States.
=650  \0$aRacism$zUnited States.
=651  \0$aUnited States$xSocial conditions$y1980- 
=648  \7$aSince 1980$2fast
=650  \7$aAntisemitism$2fast$0(OCoLC)fst00810769
=650  \7$aRacism$2fast$0(OCoLC)fst01086616
=650  \7$aSocial history$2fast$0(OCoLC)fst01122498
=651  \7$aUnited States$2fast$0(OCoLC)fst01204155
=899  1\$aCULectures
=905  \\$a20000413120000.0
=948  2\$a20141221$bm$dbatch$elts$xaddfast

