=LDR  01615cim  22003852u 4500
=001  3601994
=005  20151214183011.0
=007  ss|lmnjluz|nuu
=008  991101s1988\\\\nyunnn\\\\\\\\\l\\\\eng\d
=035  \\$a(NIC)notisASF9059
=035  \\$a3601994
=035  \\$a(OCoLC)63898613
=040  \\$aNIC$cNIC$dNIC$dNIC
=100  1\$aLaFeber, Walter.
=245  14$aThe United States in Latin America: a history of intervention$h[sound recording]
=260  \\$c1988.
=300  \\$a1 sound cassette :$banalog, mono.
=500  \\$aRecorded in Ithaca, NY by Cornell University.
=500  \\$aSponsored by: Latin American Studies Program (LASP),Committee on United States-Latin American Relations (CUSLAR).
=500  \\$aSpeaker(s): Professor of history, Cornell; author of "Inevitable Revolution".
=518  \\$aLecture, October 31, 1988.
=520  \\$aLeFeber examines the history of U.S. intervention in Latin America and relates America's modern Latin American policies to its previous history of intervention.
=651  \0$aUnited States$xForeign relations$zLatin America.
=651  \0$aLatin America$xForeign relations$zUnited States.
=650  \0$aImperialism.
=650  \0$aDependency.
=650  \7$aDependency$2fast$0(OCoLC)fst00890814
=650  \7$aDiplomatic relations$2fast$0(OCoLC)fst01907412
=650  \7$aImperialism$2fast$0(OCoLC)fst00968126
=651  \7$aLatin America$2fast$0(OCoLC)fst01245945
=651  \7$aUnited States$2fast$0(OCoLC)fst01204155
=830  \0$aCUSLAR after dinner discussions.
=899  1\$aCULectures
=905  \\$a20000302120000.0
=948  2\$a20141221$bm$dbatch$elts$xaddfast

