=LDR  01065cim  22002892u 4500
=001  3602002
=005  20151214183013.0
=007  ss|lmnjluz|nuu
=008  991101s1988\\\\nyunnn\\\\\\\\\l\\\\eng\d
=035  \\$a(NIC)notisASF9067
=035  \\$a3602002
=035  \\$a(OCoLC)63898624
=040  \\$aNIC$cNIC$dNIC$dNIC
=100  1\$aEvans, Robin,$d1944-1993.
=245  10$aCentrality$h[sound recording]
=260  \\$c1988.
=300  \\$a1 sound cassette (90 min.) :$banalog, mono.
=500  \\$aRecorded in Ithaca, NY by Cornell University.
=500  \\$aSpeaker(s): British scholar, currently a visiting professor at Harvard.
=518  \\$aLecture, November 3, 1988.
=520  \\$aEvans presents a study of the architecture of centralized Renaissance churches with emphasis on the manner in which meaning is conveyed.
=650  \0$aArchitecture, Classical.
=650  \7$aArchitecture, Classical$2fast$0(OCoLC)fst00813653
=830  \0$aPreston H. Thomas memorial lectures.
=899  1\$aCULectures
=905  \\$a20000224120000.0
=948  2\$a20141221$bm$dbatch$elts$xaddfast

