=LDR  01237cim  22003132u 4500
=001  3602006
=005  20151214183013.0
=007  ss|lmnjluz|nuu
=008  991101s1988\\\\nyunnn\\\\\\\\\l\\\\eng\d
=035  \\$a(NIC)notisASF9071
=035  \\$a3602006
=035  \\$a(OCoLC)63898629
=040  \\$aNIC$cNIC$dNIC$dNIC
=100  1\$aEvans, Robin,$d1944-1993.
=245  10$aArchitecture and its three geometries$h[sound recording]
=260  \\$c1988.
=300  \\$a1 sound cassette (90 min.) :$banalog, mono.
=500  \\$aRecorded in Ithaca, NY by Cornell University.
=500  \\$aSpeaker(s): British scholar, currently a visiting professor at Harvard.
=518  \\$aLecture, November 4, 1988.
=520  \\$aEvans explains what he sees as the three phases of fragmentation in 20th century architecture:  cubism and its application to architecture, function and the humanizing of architectural firm, and the decentering of the subject.
=650  \0$aArchitecture.
=650  \0$aGeometry.
=650  \7$aArchitecture$2fast$0(OCoLC)fst00813346
=650  \7$aGeometry$2fast$0(OCoLC)fst00940864
=830  \0$aPreston H. Thomas memorial lectures.
=899  1\$aCULectures
=905  \\$a20000224120000.0
=948  2\$a20141221$bm$dbatch$elts$xaddfast

