=LDR  01484cim  22003372u 4500
=001  3602012
=005  20151214183014.0
=007  ss|lmnjluz|nuu
=008  991101s1988\\\\nyunnn\\\\\\\\\l\\\\eng\d
=035  \\$a(NIC)notisASF9077
=035  \\$a3602012
=035  \\$a(OCoLC)63898636
=040  \\$aNIC$cNIC$dNIC$dNIC
=100  1\$aLustig, Arnost.
=245  10$aScreening of Transport to Paradise'$h[sound recording]
=260  \\$c1988.
=300  \\$a1 sound cassette :$banalog, mono.
=500  \\$aRecorded in Ithaca, NY by Cornell University.
=500  \\$aSponsored by: Council on the Creative and Performing Arts,Music, Department of,Russian Literature, Department of,Theatre Arts, Department of,New York Council for the Humanities.
=500  \\$aSpeaker(s): Lustig is a novelist.
=518  \\$aPanel, November 5, 1988.
=520  \\$aLustig, who wrote the screenplay to the film "Transport to Paradise", depicting the plight of Jews during Nazi domination in Germany, gives an introduction to the film.
=650  \0$aMotion pictures$zCzechoslovakia.
=651  \0$aCzechoslovakia$xIntellectual life.
=650  \7$aIntellectual life$2fast$0(OCoLC)fst00975769
=650  \7$aMotion pictures$2fast$0(OCoLC)fst01027285
=651  \7$aCzechoslovakia$2fast$0(OCoLC)fst01212490
=830  \0$aFestival of Czech culture$pThe milieu of Czech literature, film, music: from the 60s to the 80s.
=899  1\$aCULectures
=905  \\$a20000330120000.0
=948  2\$a20141221$bm$dbatch$elts$xaddfast

