=LDR  01456cim  22003492u 4500
=001  3602025
=005  20151214183017.0
=007  ss|lmnjluz|nuu
=008  991101s1988\\\\nyunnn\\\\\\\\\l\\\\eng\d
=035  \\$a(NIC)notisASF9090
=035  \\$a3602025
=035  \\$a(OCoLC)63898658
=040  \\$aNIC$cNIC$dNIC$dNIC
=100  1\$aOtto, Christian F.
=245  14$aThe unbearable lightness of building$h[sound recording]
=260  \\$c1988.
=300  \\$a1 sound cassette (75 min.) :$banalog, mono.
=500  \\$aRecorded in Ithaca, NY by Cornell University.
=500  \\$aSponsored by: Council on the Creative and Performing Arts,Music, Department of,Russian Literature, Department of,Theatre Arts, Department of,New York Council for the Humanities.
=500  \\$aSpeaker(s): Professor of Architecture.
=518  \\$aLecture, November 12, 1988.
=520  \\$aOtto explores architecture as space through a detailed study of churches and secular buildings.
=540  \\$aNo reproductions authorized.
=650  \0$aArchitecture$zCzechoslovakia.
=650  \0$aChurch architecture.
=650  \7$aArchitecture$2fast$0(OCoLC)fst00813346
=650  \7$aChurch architecture$2fast$0(OCoLC)fst00860550
=651  \7$aCzechoslovakia$2fast$0(OCoLC)fst01212490
=830  \0$aFestival of Czech culture$pThe Baroque and the contemporary in Czech art, music, literature.
=899  1\$aCULectures
=905  \\$a20000316120000.0
=948  2\$a20141221$bm$dbatch$elts$xaddfast

