=LDR  01420cim  22003492u 4500
=001  3602028
=005  20151214183017.0
=007  ss|lmnjluz|nuu
=008  991101s1988\\\\nyunnn\\\\\\\\\l\\\\eng\d
=035  \\$a(NIC)notisASF9093
=035  \\$a3602028
=035  \\$a(OCoLC)63898662
=040  \\$aNIC$cNIC$dNIC$dNIC
=100  1\$aSchorr, Daniel,$d1916-2010.
=245  14$aThe presidency in the media age$h[sound recording]
=260  \\$c1988.
=300  \\$a1 sound cassette (83 min.) :$banalog, mono.
=500  \\$aRecorded in Ithaca, NY by Cornell University.
=500  \\$aSponsored by: University Events (Public Affairs), Office of.
=500  \\$aSpeaker(s): Senior news analyst for National Public Radio.
=518  \\$aLecture, November 14, 1988.
=520  \\$aSchorr criticizes the role of television in politics today, focusing on Ronald Reagan's successful manipulation of television to weave his fantasies into a reality for the American public.
=610  10$aUnited States.$bPresident (1981-1989 : Reagan)
=600  10$aReagan, Ronald.
=650  \0$aTelevision and politics$zUnited States.
=600  17$aReagan, Ronald$2fast$0(OCoLC)fst00036392
=650  \7$aTelevision and politics$2fast$0(OCoLC)fst01146689
=651  \7$aUnited States$2fast$0(OCoLC)fst01204155
=830  \0$aJ. Eric Nordlander lectures.
=899  1\$aCULectures
=905  \\$a20000321120000.0
=948  2\$a20141221$bm$dbatch$elts$xaddfast

