=LDR  01460cim  22003612u 4500
=001  3602029
=005  20151214183017.0
=007  ss|lmnjluz|nuu
=008  991101s1988\\\\nyunnn\\\\\\\\\l\\\\eng\d
=035  \\$a(NIC)notisASF9094
=035  \\$a3602029
=035  \\$a(OCoLC)63898663
=040  \\$aNIC$cNIC$dNIC$dNIC
=100  1\$aSchorr, Daniel,$d1916-2010.
=245  14$aThe Reagan presidency and domestic affairs$h[sound recording]
=260  \\$c1988.
=300  \\$a1 sound cassette (67 min.) :$banalog, mono.
=500  \\$aRecorded in Ithaca, NY by Cornell University.
=500  \\$aSponsored by: University Events (Public Affairs), Office of.
=500  \\$aSpeaker(s): Senior news analyst for National Public Radio.
=518  \\$aLecture, November 15, 1988.
=520  \\$aSchorr outlines Reagan's three major attributes:  speech reading, small talk, and ineptitude in dealing with spontaneous affairs.  He addresses the president's popularity and his future legacy.
=610  10$aUnited States.$bPresident (1981-1989 : Reagan)
=600  10$aReagan, Ronald.
=651  \0$aUnited States$xSocial conditions$y1980-
=600  17$aReagan, Ronald$2fast$0(OCoLC)fst00036392
=648  \7$aSince 1980$2fast
=650  \7$aSocial history$2fast$0(OCoLC)fst01122498
=651  \7$aUnited States$2fast$0(OCoLC)fst01204155
=830  \0$aJ. Eric Nordlander lectures.
=899  1\$aCULectures
=905  \\$a20000413120000.0
=948  2\$a20141221$bm$dbatch$elts$xaddfast

