=LDR  01202cim  22003252u 4500
=001  3602031
=005  20151214183017.0
=007  ss|lmnjluz|nuu
=008  991101s1988\\\\nyunnn\\\\\\\\\l\\\\eng\d
=035  \\$a(NIC)notisASF9096
=035  \\$a3602031
=035  \\$a(OCoLC)63898665
=040  \\$aNIC$cNIC$dNIC$dNIC
=100  1\$aMeese, Edwin.
=245  14$aThe Reagan legacy and beyond$h[sound recording]
=260  \\$c1988.
=300  \\$a2 sound cassettes :$banalog, mono.
=500  \\$aRecorded in Ithaca, NY by Cornell University.
=500  \\$aAccompanied by: Notes.
=500  \\$aSponsored by: Cornell University Program Board.
=500  \\$aSpeaker(s): Former United States Attorney General.
=518  \\$aLecture, November 15, 1988.
=520  \\$aMeese gives an overview of Reagan's administration and addresses the challenges facing President-elect Bush in his upcoming administration.
=610  10$aUnited States.$bPresident (1981-1989 : Reagan) 
=600  10$aReagan, Ronald.
=610  10$aUnited States.$bPresident (1989-1993 : Bush)
=600  17$aReagan, Ronald$2fast$0(OCoLC)fst00036392
=899  1\$aCULectures
=905  \\$a20000315120000.0
=948  2\$a20141221$bm$dbatch$elts$xaddfast

