=LDR  01612cim  22003732u 4500
=001  3602047
=005  20151214183019.0
=007  ss|lmnjluz|nuu
=008  991101s1988\\\\nyunnn\\\\\\\\\l\\\\eng\d
=035  \\$a(NIC)notisASF9112
=035  \\$a3602047
=035  \\$a(OCoLC)63898686
=040  \\$aNIC$cNIC$dNIC$dNIC
=100  1\$aOtto, Christian F.
=245  10$aCornell on Corbu: the myth of the Corb Academy$h[sound recording]
=260  \\$c1988.
=300  \\$a2 sound cassettes :$banalog, mono.
=500  \\$aRecorded in Ithaca, NY by Cornell University.
=500  \\$aSponsored by: EXEDRA (Cornell student chapter of the Society of Architectural Historians),Architecture, Department of,Architecture, Art and Planning, College of.
=500  \\$aSpeaker(s): All speakers are professors of architecture at Cornell with the exception of Seligmann, who is the Dean of the School of Architecture, Syracuse University.
=518  \\$aSymposium, November 19, 1988.
=520  \\$aPanel members discuss the relationship between architecture and architectural history, particularly the past and present influence of Le Corbusier's work and theory on Cornell's design curriculum.
=650  \0$aArchitectural historians.
=650  \7$aArchitectural historians$2fast$0(OCoLC)fst00813269
=700  1\$aRowe, Colin.
=700  1\$aFuente, Guillaume Jullian de la.
=700  1\$aHodgen, Lee F.
=700  1\$aShaw, John.
=700  1\$aWarke, Val K.
=700  1\$aSeligmann, Werner.
=899  1\$aCULectures
=905  \\$a20000405120000.0
=948  2\$a20140701$bm$dcac2$elts
=948  2\$a20141221$bm$dbatch$elts$xaddfast

