=LDR  01258cim  22003132u 4500
=001  3602048
=005  20151214183019.0
=007  ss|lmnjluz|nuu
=008  991101s1988\\\\nyunnn\\\\\\\\\l\\\\eng\d
=035  \\$a(NIC)notisASF9113
=035  \\$a3602048
=035  \\$a(OCoLC)63898688
=040  \\$aNIC$cNIC$dNIC$dNIC
=100  1\$aNaylor, Gloria.
=245  14$aThe evolution of a writer's voice: Gloria Naylor reads and reflects on her own work$h[sound recording]
=260  \\$c1988.
=300  \\$a1 sound cassette :$banalog, mono.
=500  \\$aRecorded in Ithaca, NY by Cornell University.
=500  \\$aSponsored by: Society for the Humanities.
=500  \\$aSpeaker(s): Author of "The Women of Brewster Place", "Mama Day" and "Linden Hills".
=518  \\$aReading, November 21, 1988.
=520  \\$aNaylor describes the development of her literary voice and suggests that the legion of voices which have preceded her have molded hers into what it is today.
=650  \0$aWomen authors.
=650  \0$aAfrican American women authors.
=650  \7$aAfrican American women authors$2fast$0(OCoLC)fst00799477
=650  \7$aWomen authors$2fast$0(OCoLC)fst01177198
=899  1\$aCULectures
=905  \\$a19991217120000.0
=948  2\$a20141221$bm$dbatch$elts$xaddfast

