=LDR  01403cim  22003492u 4500
=001  3602054
=005  20151214183020.0
=007  ss|lmnjluz|nuu
=008  991101s1988\\\\nyunnn\\\\\\\\\l\\\\eng\d
=035  \\$a(NIC)notisASF9119
=035  \\$a3602054
=035  \\$a(OCoLC)63898699
=040  \\$aNIC$cNIC$dNIC$dNIC
=100  1\$aSnyder, Mitch.
=245  10$aHomeless in America$h[sound recording]
=260  \\$c1988.
=300  \\$a1 sound cassette (85 min.) :$banalog, mono.
=500  \\$aRecorded in Ithaca, NY by Cornell University.
=500  \\$aAccompanied by: Notes.
=500  \\$aSponsored by: Hotel Administration, School of,Southside Community Shelter,Red Cross Emergency Shelter,Center for Religion, Ethics and Social Policy (CRESP).
=500  \\$aSpeaker(s): Community for Creative Non-Violence.
=518  \\$aLecture, November 30, 1988.
=520  \\$aSnyder discusses the plight of homeless people who cannot find affordable housing in America, suggesting ways in which this problem may be alleviated.
=651  \0$aUnited States$xSocial conditions.
=650  \0$aHomelessness$zUnited States.
=650  \7$aHomelessness$2fast$0(OCoLC)fst00959545
=650  \7$aSocial history$2fast$0(OCoLC)fst01122498
=651  \7$aUnited States$2fast$0(OCoLC)fst01204155
=700  1\$aFennelly, Carol.
=899  1\$aCULectures
=905  \\$a20000324120000.0
=948  2\$a20141221$bm$dbatch$elts$xaddfast

