=LDR  01322cim  22003492u 4500
=001  3602057
=005  20151214183021.0
=007  ss|lmnjluz|nuu
=008  991101s1988\\\\nyunnn\\\\\\\\\l\\\\eng\d
=035  \\$a(NIC)notisASF9122
=035  \\$a3602057
=035  \\$a(OCoLC)63898703
=040  \\$aNIC$cNIC$dNIC$dNIC
=100  1\$aTaylor, Joseph H.$q(Joseph Hooton)
=245  10$aRelativity, pulsars and atomic time$h[sound recording]
=260  \\$c1988.
=300  \\$a1 sound cassette (55 min.) :$banalog, mono.
=500  \\$aRecorded in Ithaca, NY by Cornell University.
=500  \\$aSponsored by: Astronomy, Department of.
=500  \\$aSpeaker(s): James S. McDonnell Distinguished University Professor of Physics, Princeton University.
=518  \\$aLecture, December 1, 1988.
=520  \\$aTaylor discusses the mechanisms involved in measuring time with an atomic clock, and covers related aspects of pulsars and relativity.
=650  \0$aRelativity (Physics).
=650  \0$aPulsars.
=650  \0$aAtomic clocks.
=650  \7$aAtomic clocks$2fast$0(OCoLC)fst00820607
=650  \7$aPulsars$2fast$0(OCoLC)fst01083913
=650  \7$aRelativity (Physics)$2fast$0(OCoLC)fst01093604
=830  \0$aThomas Gold lectures.
=899  1\$aCULectures
=905  \\$a20000328120000.0
=948  2\$a20141221$bm$dbatch$elts$xaddfast

