=LDR  01545cim  22003732u 4500
=001  3602058
=005  20151214183021.0
=007  ss|lmnjluz|nuu
=008  991101s1988\\\\nyunnn\\\\\\\\\l\\\\eng\d
=035  \\$a(NIC)notisASF9123
=035  \\$a3602058
=035  \\$a(OCoLC)63898705
=040  \\$aNIC$cNIC$dNIC$dNIC
=100  1\$aColby, William Egan,$d1920-1996.
=245  10$aCovert action in a democracy: the ethical considerations$h[sound recording]
=260  \\$c1988.
=300  \\$a2 sound cassettes :$banalog, mono.
=500  \\$aRecorded in Ithaca, NY by Cornell University.
=500  \\$aSponsored by: Ethics and Public Life, Program on,Carnegie Council on Ethics and International Affairs.
=500  \\$aSpeaker(s): Colby was the Director of the U.S. Central Intelligence Agency, 1973-76. Beitz is Professor of Political Science at Swarthmore College.
=518  \\$aLecture, December 1, 1988.
=520  \\$aColby and Beitz discuss the politics of covert action, debating on such aspects as secrecy and efficacy.
=650  \0$aDemocracy.
=650  \0$aEthics.
=610  10$aUnited States.$bCentral Intelligence Agency
=650  \0$aIntelligence service.
=610  17$aUnited States.$bCentral Intelligence Agency$2fast$0(OCoLC)fst00536259
=650  \7$aDemocracy$2fast$0(OCoLC)fst00890077
=650  \7$aEthics$2fast$0(OCoLC)fst00915833
=650  \7$aIntelligence service$2fast$0(OCoLC)fst00975848
=700  1\$aBeitz, Charles R.
=899  1\$aCULectures
=905  \\$a20000314120000.0
=948  2\$a20141221$bm$dbatch$elts$xaddfast

