=LDR  01392cim  22003972u 4500
=001  3602112
=005  20151214183031.0
=007  ss|lmnjluz|nuu
=008  991101s1981\\\\nyunnn\\\\\\\\\l\\\\eng\d
=035  \\$a(NIC)notisASF9177
=035  \\$a3602112
=035  \\$a(OCoLC)63898812
=040  \\$aNIC$cNIC$dNIC$dNIC
=100  1\$aEco, Umberto.
=245  10$aHorns, beans and insteps: guessing from Aristotle to Sherlock Holmes$h[sound recording]
=260  \\$c1981.
=300  \\$a1 sound cassette :$banalog, mono.
=500  \\$aRecorded in Ithaca, NY by Cornell University.
=500  \\$aSponsored by: Western Societies Program.
=518  \\$aLecture, October 23, 1981.
=520  \\$aA comparative discussion about semiotics and logic in Sherlock Holmes, Aristotle, and other analytical philosophers.
=540  \\$aNo reproductions authorized.
=600  00$aAristotle.
=650  \0$aInduction (Logic) 
=650  \0$aLogic.
=650  \0$aSemiotics.
=650  \0$aAbduction (Logic) 
=600  07$aAristotle$2fast$0(OCoLC)fst00029885
=650  \7$aAbduction (Logic)$2fast$0(OCoLC)fst00794328
=650  \7$aInduction (Logic)$2fast$0(OCoLC)fst00970736
=650  \7$aLogic$2fast$0(OCoLC)fst01002014
=650  \7$aSemiotics$2fast$0(OCoLC)fst01112351
=830  \0$aSemiotics of culture.
=899  1\$aCULectures
=905  \\$a20000313120000.0
=948  2\$a20141221$bm$dbatch$elts$xaddfast

