=LDR  01630cim  22003852u 4500
=001  3602135
=005  20151214183037.0
=007  ss|lmnjluz|nuu
=008  991101s1989\\\\nyunnn\\\\\\\\\l\\\\eng\d
=035  \\$a(NIC)notisASF9200
=035  \\$a3602135
=035  \\$a(OCoLC)63898849
=040  \\$aNIC$cNIC$dNIC$dNIC
=100  1\$aSpero, Nancy,$d1926-2009.
=245  10$aProtagonists, victims and sexual diference$h[sound recording]
=260  \\$c1989.
=300  \\$a1 sound cassette :$banalog, mono.
=500  \\$aRecorded in Ithaca, NY by Cornell University.
=500  \\$aSponsored by: Council on the Creative and Performing Arts,See preplec 230.
=500  \\$aSpeaker(s): Painter and collage artist.
=518  \\$aLecture, April 8, 1989.
=520  \\$aThe lecture consists in a roughly chronological slide presentation and explanation of the artist's work.  Some of Spero's series and periods covered are her Paris black paintings, Artaud paintings, the war series, the Torture of Women, and wall paintings.
=600  10$aSpero, Nancy,$d1926-2009.
=650  \0$aFeminism and the arts.
=650  \0$aArt, American.
=650  \0$aArt criticism.
=600  17$aSpero, Nancy,$d1926-2009$2fast$0(OCoLC)fst01733196
=650  \7$aArt, American$2fast$0(OCoLC)fst00815895
=650  \7$aArt criticism$2fast$0(OCoLC)fst00815492
=650  \7$aFeminism and the arts$2fast$0(OCoLC)fst00922747
=830  \0$aFeminist literary theory: is there a possible parallel reading in the visual arts?
=830  \0$aVisual feminist discourse.
=899  1\$aCULectures
=905  \\$a20000405120000.0
=948  2\$a20141221$bm$dbatch$elts$xaddfast

