=LDR  01645cim  22003852u 4500
=001  3602158
=005  20151214183041.0
=007  ss|lmnjluz|nuu
=008  991101s1989\\\\nyunnn\\\\\\\\\l\\\\eng\d
=035  \\$a(NIC)notisASF9223
=035  \\$a3602158
=035  \\$a(OCoLC)63898891
=040  \\$aNIC$cNIC$dNIC$dNIC
=100  1\$ahooks, bell,$d1952-
=245  10$aCritical integration, talking race, resisting rascism$h[sound recording]
=260  \\$c1989.
=300  \\$a2 sound cassettes (115 min.) :$banalog, mono.
=500  \\$aRecorded in Ithaca, NY by Cornell University.
=500  \\$aSponsored by: Society for the Humanities,See preplec call no 203.
=500  \\$aSpeaker(s): Oberlin College.
=518  \\$aLecture, April 23, 1989.
=520  \\$aHooks challenges the intellectual commodification of racial issues and gender issues, stressing the destructive nature of scholarly discourse to those who are oppressed.  She finds that white intellectuals, fearful of disempowerment, tend to incorporate challenging issues into intellectual discourse to blur the relationship between races.
=650  \0$aFeminism.
=650  \0$aDeconstruction.
=650  \0$aRace relations.
=650  \0$aSex differences
=650  \7$aDeconstruction$2fast$0(OCoLC)fst00889137
=650  \7$aFeminism$2fast$0(OCoLC)fst00922671
=650  \7$aRace relations$2fast$0(OCoLC)fst01086509
=650  \7$aSex differences$2fast$0(OCoLC)fst01114321
=830  \0$aFeminism and cultural imperialism: politics of difference.
=830  \0$aToni Morrison lectures.
=899  1\$aCULectures
=905  \\$a20000301120000.0
=948  2\$a20141221$bm$dbatch$elts$xaddfast

