=LDR  01488cim  22003972u 4500
=001  3602159
=005  20151214183041.0
=007  ss|lmnjluz|nuu
=008  991101s1989\\\\nyunnn\\\\\\\\\l\\\\eng\d
=035  \\$a(NIC)notisASF9224
=035  \\$a3602159
=035  \\$a(OCoLC)63898892
=040  \\$aNIC$cNIC$dNIC$dNIC
=100  1\$aLeary, Timothy,$d1920-1996.
=245  10$a[Timothy Leary speaks at Cornell.]$h[sound recording]
=260  \\$c1989.
=300  \\$a2 sound cassettes (160 min.) :$banalog, mono.
=500  \\$aRecorded in Ithaca, NY by Cornell University.
=500  \\$aSponsored by: Cornell Civil Liberties Union.
=518  \\$aLecture, April 23, 1989.
=520  \\$aLeary advocates for individuality through a humorous look at the traditions and idols of mankind.
=600  10$aLeary, Timothy,$d1920-1996.
=650  \0$aIndividuality.
=650  \0$aIndividualism.
=651  \0$aUnited States$xHistory$y1961-1969.
=651  \0$aUnited States$xSocial life and customs$y20th century$xAnecdotes.
=600  17$aLeary, Timothy,$d1920-1996$2fast$0(OCoLC)fst01427408
=648  \7$a1900 - 1999$2fast
=650  \7$aIndividualism$2fast$0(OCoLC)fst00970328
=650  \7$aIndividuality$2fast$0(OCoLC)fst00970343
=650  \7$aManners and customs$2fast$0(OCoLC)fst01007815
=651  \7$aUnited States$2fast$0(OCoLC)fst01204155
=655  \7$aAnecdotes$2fast$0(OCoLC)fst01423876
=899  1\$aCULectures
=905  \\$a20000413120000.0
=948  2\$a20141221$bm$dbatch$elts$xaddfast

