=LDR  01436cim  22003372u 4500
=001  3602200
=005  20151214183048.0
=007  ss|lmnjluz|nuu
=008  991101s1980\\\\nyunnn\\\\\\\\\l\\\\eng\d
=035  \\$a(NIC)notisASF9265
=035  \\$a3602200
=035  \\$a(OCoLC)63898955
=040  \\$aNIC$cNIC$dNIC$dNIC
=100  1\$aLaCapra, Dominick,$d1939- 
=245  10$aIntellectual history: a reconsideration$h[sound recording]
=260  \\$c1980.
=300  \\$a1 sound cassette (75 min.) :$banalog, mono.
=500  \\$aRecorded in Ithaca, NY by Cornell University.
=500  \\$aSponsored by: Society for the Humanities,Western Societies Program,History, Department of.
=518  \\$aLecture, April 24, 1980.
=520  \\$aAfter explaining that a feeling of crises within the field of intellectual history has motivated introspection into the nature and objectives of the field, LaCapra discusses existing approaches and outlines alternative methods of addressing issues in intellectual history.
=540  \\$aNo reproductions authorized.
=651  \0$aEurope$xIntellectual life.
=650  \0$aIntellectual life$xHistory.
=650  \7$aIntellectual life$2fast$0(OCoLC)fst00975769
=651  \7$aEurope$2fast$0(OCoLC)fst01245064
=655  \7$aHistory$2fast$0(OCoLC)fst01411628
=830  \0$aFuture of European intellectual history.
=899  1\$aCULectures
=905  \\$a20000328120000.0
=948  2\$a20141221$bm$dbatch$elts$xaddfast

