=LDR  01322cim  22003492u 4500
=001  3602318
=005  20151214183108.0
=007  ss|lmnjluz|nuu
=008  991101s1981\\\\nyunnn\\\\\\\\\l\\\\eng\d
=035  \\$a(NIC)notisASF9383
=035  \\$a3602318
=035  \\$a(OCoLC)63899191
=040  \\$aNIC$cNIC$dNIC$dNIC
=100  1\$aHoffman, Abbie.
=245  10$a[Abbie Hoffman speaks at Cornell.]$h[sound recording]
=260  \\$c1981.
=300  \\$a2 sound cassettes (170 min.) :$banalog, mono.
=500  \\$aRecorded in Ithaca, NY by Cornell University.
=518  \\$aLecture, December 7, 1981.
=520  \\$aThis recording includes approximately 30 min. of a press conference given in conjunction with the lecture.  Abbie Hoffman discusses the media, the government and his protest activites.
=540  \\$aNo reproductions authorized.
=650  \0$aPolitical participation.
=650  \0$aRadicalism$zUnited States$y20th century.
=600  10$aHoffman, Abbie.
=600  17$aHoffman, Abbie$2fast$0(OCoLC)fst00055493
=648  \7$a1900 - 1999$2fast
=650  \7$aPolitical participation$2fast$0(OCoLC)fst01069386
=650  \7$aRadicalism$2fast$0(OCoLC)fst01087015
=651  \7$aUnited States$2fast$0(OCoLC)fst01204155
=899  1\$aCULectures
=905  \\$a20000404120000.0
=948  2\$a20141221$bm$dbatch$elts$xaddfast

