=LDR  01092cim  22003012u 4500
=001  3602373
=005  20151214183118.0
=007  ss|lmnjluz|nuu
=008  991101s1979\\\\nyunnn\\\\\\\\\l\\\\eng\d
=035  \\$a(NIC)notisASF9438
=035  \\$a3602373
=035  \\$a(OCoLC)63899276
=040  \\$aNIC$cNIC$dNIC
=100  1\$aFuentes, Carlos.
=245  10$aNames, novels and histories$h[sound recording]
=260  \\$c1979.
=300  \\$a2 sound cassettes (70 min.) :$banalog, mono.
=500  \\$aRecorded in Ithaca, NY by Cornell University.
=500  \\$aSponsored by: Society for the Humanities,Latin American Studies Program,Romance Studies, Department of.
=500  \\$aSpeaker(s): Critically acclaimed Mexican author.
=518  \\$aLecture, October 16, 1979.
=520  \\$aDiscusses the unequaled importance of language in the perception of history.
=540  \\$aNo reproductions authorized.
=650  \0$aLanguage and history.
=650  \7$aLanguage and history$2fast$0(OCoLC)fst00992152
=899  1\$aCULectures
=905  \\$a19991201120000.0
=948  2\$a20141221$bm$dbatch$elts$xaddfast

