=LDR  01343cim  22003132u 4500
=001  3602403
=005  20151214183122.0
=007  ss|lmnjluz|nuu
=008  991101s1989\\\\nyunnn\\\\\\\\\l\\\\eng\d
=035  \\$a(NIC)notisASF9468
=035  \\$a3602403
=035  \\$a(OCoLC)63899323
=040  \\$aNIC$cNIC$dNIC$dNIC
=100  1\$aGlasser, Ira.
=245  14$aThe crisis in civil liberties$h[sound recording]
=260  \\$c1989.
=300  \\$a2 sound cassettes :$banalog, mono.
=500  \\$aRecorded in Ithaca, NY by Cornell University.
=500  \\$aSponsored by: Public Interest Law Union,Cornell Civil Liberties Union,Law School.
=500  \\$aSpeaker(s): American Civil Liberties Union Executive Director.
=518  \\$aLecture, March 30, 1989.
=520  \\$aExplains the historical and political context of civil liberties in the United States.  Shows how the Constitution expresses civil rights and how rights are gained.  Discusses the political climate surrounding civil rights today, detailing the threats posed by groups like the Moral Majority.
=650  \0$aCivil rights$zUnites States.
=650  \0$aConstitutional law.
=650  \7$aCivil rights$2fast$0(OCoLC)fst00862627
=650  \7$aConstitutional law$2fast$0(OCoLC)fst00875797
=899  1\$aCULectures
=905  \\$a20000214120000.0
=948  2\$a20141221$bm$dbatch$elts$xaddfast

