=LDR  01767cim  22004092u 4500
=001  3602413
=005  20151214183124.0
=007  ss|lmnjluz|nuu
=008  991101s1989\\\\nyunnn\\\\\\\\\l\\\\eng\d
=035  \\$a(NIC)notisASF9478
=035  \\$a3602413
=035  \\$a(OCoLC)63899335
=040  \\$aNIC$cNIC$dNIC$dNIC
=100  1\$aFarrakhan, Louis.
=245  10$aStudent activism in light of the Willard Straight Takeover$h[sound recording]
=260  \\$c1989.
=300  \\$a4 sound cassettes :$banalog, mono.
=500  \\$aRecorded in Ithaca, NY by Cornell University.
=500  \\$aSponsored by: Ujamaa Residential College,State of Black America.
=500  \\$aSpeaker(s): Leader of the Nation of Islam.
=518  \\$aLecture, April 21, 1989.
=520  \\$aLouis Farrakhan discusses issues related to freedom of speech, racism in America, the legitimacy of the use of violence for principles of liberty, the problems in American education, the origins of Black civilization, and many other diverse topics.  He also answers accusations that he is a hatemonger or an anti-Semite.
=650  \0$aRace relations$zUnited States.
=650  \0$aRacism$zUnited States$xHistory.
=600  10$aFarrakhan, Louis.
=650  \0$aBlack power$zUnited States$xHistory.
=650  \0$aBlack race$xHistory.
=600  17$aFarrakhan, Louis$2fast$0(OCoLC)fst00179743
=650  \7$aBlack power$2fast$0(OCoLC)fst00833747
=650  \7$aBlack race$2fast$0(OCoLC)fst00833751
=650  \7$aRace relations$2fast$0(OCoLC)fst01086509
=650  \7$aRacism$2fast$0(OCoLC)fst01086616
=651  \7$aUnited States$2fast$0(OCoLC)fst01204155
=655  \7$aHistory$2fast$0(OCoLC)fst01411628
=899  1\$aCULectures
=905  \\$a20000328120000.0
=948  2\$a20141221$bm$dbatch$elts$xaddfast

