=LDR  00795cim  22002412u 4500
=001  3602463
=005  20151214183130.0
=007  ss|lmnjluz|nuu
=008  991101s1984\\\\nyunnn\\\\\\\\\l\\\\eng\d
=035  \\$a(NIC)notisASF9528
=035  \\$a3602463
=035  \\$a(OCoLC)63899410
=040  \\$aNIC$cNIC$dNIC
=100  1\$aMbata, J. Congress.
=245  10$aUSA, developing nations and world community$h[sound recording]
=260  \\$c1984.
=300  \\$a1 sound cassette (80 min.) :$banalog, mono.
=500  \\$aRecorded in Ithaca, NY by Cornell University.
=500  \\$aSponsored by: Interreligious International Ministries Committee (IRIM),Center for World Community.
=518  \\$aLecture, March 12, 1984.
=540  \\$aNo reproductions authorized.
=899  1\$aCULectures
=905  \\$a19991201120000.0

