=LDR  01414cim  22003612u 4500
=001  3602582
=005  20151214183144.0
=007  ss|lmnjluz|nuu
=008  991101s1978\\\\nyunnn\\\\\\\\\l\\\\eng\d
=035  \\$a(NIC)notisASF9647
=035  \\$a3602582
=035  \\$a(OCoLC)63899605
=040  \\$aNIC$cNIC$dNIC$dNIC
=100  1\$aMorrison, Toni.
=245  10$aToni Morrison reads her work$h[sound recording]
=300  \\$a1 sound cassette :$banalog, mono.
=500  \\$aRecorded in Ithaca, NY by Cornell University.
=500  \\$aSpeaker(s): Author;  professor at Howard University;  Cornell alumnus.
=518  \\$aReading and Lecture.
=520  \\$aToni Morrison gives a talk entitled, "A Matter of Fiction," which discusses why people write and read fiction, specifically relating her own motivations. Morrison focuses on the preservation of the oral tradition as her primary motivation.
=540  \\$aNo reproductions authorized.
=650  \0$aFiction$y20th century.
=650  \0$aFiction$xWomen authors.
=650  \0$aWriting.
=600  10$aMorrison, Toni.
=600  17$aMorrison, Toni$2fast$0(OCoLC)fst00062028
=648  \7$a1900 - 1999$2fast
=650  \7$aFiction$2fast$0(OCoLC)fst00923709
=650  \7$aFiction$xWomen authors$2fast$0(OCoLC)fst00923769
=650  \7$aWriting$2fast$0(OCoLC)fst01181638
=899  1\$aCULectures
=905  \\$a20000331120000.0
=948  2\$a20141221$bm$dbatch$elts$xaddfast

