=LDR  01603cim  22003732u 4500
=001  3602616
=005  20151214183147.0
=007  ss|lmnjluz|nuu
=008  991101s1978\\\\nyunnn\\\\\\\\\l\\\\eng\d
=035  \\$a(NIC)notisASF9681
=035  \\$a3602616
=035  \\$a(OCoLC)63899656
=040  \\$aNIC$cNIC$dNIC
=100  1\$aGoodall, Jane.
=245  10$aSocial communication in the chimpanzee$h[sound recording]
=260  \\$c1978.
=300  \\$a2 sound cassettes :$banalog, mono.
=500  \\$aRecorded in Ithaca, NY by Cornell University.
=500  \\$aSponsored by: Kappa Alpha Theta,Biological Sciences, Division of.
=500  \\$aSpeaker(s): Primate researcher.
=518  \\$aLecture, May 5, 1978.
=520  \\$aGoodall discusses the world of the chimpanzee, focusing in particular on the Gombe chimp.  She uses a film and a slide presentation as visual aids in her description of the individual behavior of the animals, their social structure, mating practices, and ability to learn and understand language and sign language.
=540  \\$aNo reproductions authorized.
=650  \0$aChimpanzees.
=650  \0$aChimpanzees$xBehavior.
=650  \0$aMammals$zTanzania$zGombe Stream National Park$xBehavior.
=650  \7$aChimpanzees$2fast$0(OCoLC)fst00857088
=650  \7$aChimpanzees$xBehavior$2fast$0(OCoLC)fst00857090
=650  \7$aMammals$xBehavior$2fast$0(OCoLC)fst01006954
=651  \7$aTanzania$zGombe National Park$2fast$0(OCoLC)fst01692438
=830  \0$aKappa Alpha Theta lectures.
=899  1\$aCULectures
=905  \\$a20000330120000.0
=948  2\$a20141221$bm$dbatch$elts$xaddfast

