=LDR  01256cim  22003372u 4500
=001  3602617
=005  20151214183147.0
=007  ss|lmnjluz|nuu
=008  991101s1979\\\\nyunnn\\\\\\\\\l\\\\eng\d
=035  \\$a(NIC)notisASF9682
=035  \\$a3602617
=035  \\$a(OCoLC)63899659
=040  \\$aNIC$cNIC$dNIC$dNIC
=100  1\$aKoolhas, Rem
=245  12$aA study of modern and postmodern architecture through architectural details$h[sound recording]
=260  \\$c1979.
=300  \\$a1 sound cassette (90 min.) :$banalog, mono.
=500  \\$aRecorded in Ithaca, NY by Cornell University.
=518  \\$aLecture, March 2, 1979.
=520  \\$aKoolhas discusses modernist and post-modernist ideas in architecture through study of a number of architectural details.
=540  \\$aNo reproductions authorized.
=650  \0$aArchitecture$xDetails.
=650  \0$aArchitecture, Postmodern.
=650  \0$aArchitecture, Modern$y19th century.
=648  \7$a1800 - 1899$2fast
=650  \7$aArchitecture$xDetails$2fast$0(OCoLC)fst00813413
=650  \7$aArchitecture, Modern$2fast$0(OCoLC)fst00813842
=650  \7$aArchitecture, Postmodern$2fast$0(OCoLC)fst00813902
=899  1\$aCULectures
=905  \\$a20000119120000.0
=948  2\$a20141221$bm$dbatch$elts$xaddfast

