=LDR  01244cim  22002532u 4500
=001  3602643
=005  20151214183151.0
=007  ss|lmnjluz|nuu
=008  991101s1992\\\\nyunnn\\\\\\\\\l\\\\eng\d
=035  \\$a(NIC)notisASF9708
=035  \\$a3602643
=035  \\$a(OCoLC)63899704
=040  \\$aNIC$cNIC$dNIC
=100  1\$aDerrida, Jacques.
=245  10$aIs my death possible? (part I)$h[sound recording]
=260  \\$c1992.
=300  \\$a2 sound cassettes (107 min.) :$banalog, mono.
=500  \\$aRecorded in Ithaca, NY by Cornell University.
=500  \\$aSponsored by: Society for the Humanities.
=500  \\$aSpeaker(s): Professor of the History of Philosophy, Ecole des Hautes Etudes en Science Sociales, Paris; former A.D. White Professor-at-Large.
=518  \\$aLecture, October 6, 1992.
=520  \\$aDerrida attempts to more closely define death and some of the semantics that surround it.  Quoting extensively from Heiddeger, he discusses the limitations on knowledge of death and death's transferable, ever-pervasive property. NOTE: Speaker pauses in the first few moments of the lecture while a P.A. problem is corrected. 2-3 minutes of associated hum on the tape is quickly corrected.
=899  1\$aCULectures
=905  \\$a19991201120000.0

