=LDR  01301cim  22002652u 4500
=001  3602653
=005  20151214183151.0
=007  ss|lmnjluz|nuu
=008  991101s1992\\\\nyunnn\\\\\\\\\l\\\\eng\d
=035  \\$a(NIC)notisASF9718
=035  \\$a3602653
=035  \\$a(OCoLC)63899722
=040  \\$aNIC$cNIC$dNIC
=100  1\$aDerrida, Jacques.
=245  10$aIs my death possible? (part II)$h[sound recording]
=260  \\$c1992.
=300  \\$a2 sound cassettes (138 min.) :$banalog, mono.
=500  \\$aRecorded in Ithaca, NY by Cornell University.
=500  \\$aAccompanied by: Notes.
=500  \\$aSponsored by: Society for the Humanities.
=500  \\$aSpeaker(s): Professor of the History of Philosophy, Ecole des Hautes Etudes en Sciences Sociales, Paris; Former A.D. White Professor-At-Large.
=518  \\$aLecture, October 7, 1992.
=520  \\$aDerrida examines the concept of death and of "Dasein" as analyzed by Heidegger in his his text "Being and Time". In exploring the various constructions of death, he incorporates linguistical analyses as well as a comparison to other domains such as anthropology and history.  He also argues that, although Heidegger denies the link, his analysis is not possible without a Judeo-Christian concept of death
=899  1\$aCULectures
=905  \\$a19991201120000.0

