=LDR  00776cim  22002532u 4500
=001  3602691
=005  20151214183154.0
=007  ss|lmnjluz|nuu
=008  991101s1978\\\\nyunnn\\\\\\\\\l\\\\eng\d
=035  \\$a(NIC)notisASF9756
=035  \\$a3602691
=035  \\$a(OCoLC)63899786
=040  \\$aNIC$cNIC$dNIC
=100  1\$aHoesli, Bernhard
=245  10$aBernard Hoesli on architecture$h[sound recording]
=260  \\$c1978.
=300  \\$a1 sound cassette (35 min.) :$banalog, mono.
=500  \\$aRecorded in Ithaca, NY by Cornell University.
=500  \\$aSponsored by: Architecture, Department of.
=518  \\$aLecture, April 14, 1978.
=540  \\$aNo reproductions authorized.
=830  \0$aPreston H. Thomas memorial lectures.
=899  1\$aCULectures
=905  \\$a20000310120000.0

