=LDR  00746cim  22002532u 4500
=001  3602693
=005  20151214183154.0
=007  ss|lmnjluz|nuu
=008  991101s1978\\\\nyunnn\\\\\\\\\l\\\\eng\d
=035  \\$a(NIC)notisASF9758
=035  \\$a3602693
=035  \\$a(OCoLC)63899789
=040  \\$aNIC$cNIC$dNIC
=100  1\$aRowe, Colin.
=245  10$aColin Rowe on architecture$h[sound recording]
=260  \\$c1978.
=300  \\$a1 sound cassette :$banalog, mono.
=500  \\$aRecorded in Ithaca, NY by Cornell University.
=500  \\$aSponsored by: Architecture, Department of.
=518  \\$aMay 7, 1978.
=540  \\$aNo reproductions authorized.
=830  \0$aPreston H. Thomas memorial lectures.
=899  1\$aCULectures
=905  \\$a19991201120000.0

