=LDR  01543cim  22003492u 4500
=001  3602748
=005  20151214183201.0
=007  ss|lmnjluz|nuu
=008  991101s1978\\\\nyunnn\\\\\\\\\l\\\\eng\d
=035  \\$a(NIC)notisASF9813
=035  \\$a3602748
=035  \\$a(OCoLC)63899881
=040  \\$aNIC$cNIC$dNIC$dNIC
=100  1\$aCuller, Jonathan D.
=245  14$aThe mirror stage$h[sound recording]
=260  \\$c1978.
=300  \\$a1 sound cassette :$banalog, mono.
=500  \\$aRecorded in Ithaca, NY by Cornell University.
=500  \\$aSponsored by: Society for the Humanities.
=500  \\$aSpeaker(s): Class of 1916 Professor of English and professor of comparative literature at Cornell University.
=518  \\$aLecture, April 21, 1978.
=520  \\$aCuller discusses the interpretation of the Romantic poets set forth in The Mirror & the Lamp,' a work of literary criticism by M. H. Abrams, and suggests that modern interpretations of the works of the Romantic poets have developed within the context of the metaphor set forth within this book.
=540  \\$aNo reproductions authorized.
=600  10$aAbrams, M. H.$q(Meyer Howard),$d1912-2015.$tMirror and the lamp.
=650  \0$aEnglish literature$xHistory and criticism$xTheory, etc.
=650  \0$aRomanticism.
=650  \7$aRomanticism$2fast$0(OCoLC)fst01100133
=655  \7$aCriticism, interpretation, etc.$2fast$0(OCoLC)fst01411635
=830  \0$aHigh romantic arguments.
=899  1\$aCULectures
=905  \\$a20000120120000.0
=948  2\$a20141221$bm$dbatch$elts$xaddfast

