=LDR  01138cim  22003372u 4500
=001  3603273
=005  20151214183248.0
=007  ss|lmnjluz|nuu
=008  991101s1989\\\\nyunnn\\\\\\\\\l\\\\eng\d
=035  \\$a(NIC)notisASG0338
=035  \\$a3603273
=035  \\$a(OCoLC)63900672
=040  \\$aNIC$cNIC$dNIC$dNIC
=100  1\$aGiovanni, Nikki.
=245  10$aNikki Giovanni: an afternoon of poetry$h[sound recording]
=260  \\$c1989.
=300  \\$a1 sound cassette :$banalog, mono.
=500  \\$aRecorded in Ithaca, NY by Cornell University.
=500  \\$aSponsored by: Third World Student Programming Board.
=500  \\$aSpeaker(s): Poet, recording artist and lecturer.
=518  \\$aReading, November 18, 1989.
=520  \\$aGiovanni reads six of her poems.
=600  10$aGiovanni, Nikki.
=650  \0$aPoetry$xModern$y20th century.
=600  17$aGiovanni, Nikki$2fast$0(OCoLC)fst00049850
=648  \7$a1900 - 1999$2fast
=650  \7$aPoetry, Modern$2fast$0(OCoLC)fst01067769
=830  \0$aThird world festival of the arts 89.
=899  1\$aCULectures
=905  \\$a20000404120000.0
=948  2\$a20141221$bm$dbatch$elts$xaddfast

