=LDR  01305cim  22002652u 4500
=001  3603352
=005  20151214183258.0
=007  ss|lmnjluz|nuu
=008  991101s1992\\\\nyunnn\\\\\\\\\l\\\\eng\d
=035  \\$a(NIC)notisASG0417
=035  \\$a3603352
=035  \\$a(OCoLC)63900825
=040  \\$aNIC$cNIC$dNIC
=100  1\$aDenes, Agnes.
=245  10$aMapping the invisible$h[sound recording]
=260  \\$c1992.
=300  \\$a1 sound cassette (75 min.) :$banalog, mono.
=500  \\$aRecorded in Ithaca, NY by Cornell University.
=500  \\$aSponsored by: Art, Department of,Johnson Museum of Art.
=500  \\$aSpeaker(s): Visual artist, a retrospective of whose work is on exhibit at the Johnson Museum of Art, Fall 1992.
=518  \\$aLecture, October 14, 1992.
=520  \\$aIn this lecture, delivered during a retrospective of her work at the Johnson Art Museum at Cornell, Fall 1992, Denes reflects on  themes of her work as a visual artist such as mapping the invisible, mapping thoughts, the discovery of truth, reality and misconception. Specific works described include her "Pyramid Series", in which she translates Pascal's triangle into visual form, "Tree Mountain", and "Wheat Field".
=830  \0$aNancy G. Dickenson visiting artist lectures.
=899  1\$aCULectures
=905  \\$a19991201120000.0

