=LDR  00668cim  22002292u 4500
=001  3603360
=005  20151214183259.0
=007  ss|lmnjluz|nuu
=008  991101s1990\\\\nyunnn\\\\\\\\\l\\\\eng\d
=035  \\$a(NIC)notisASG0425
=035  \\$a3603360
=035  \\$a(OCoLC)63900841
=040  \\$aNIC$cNIC$dNIC
=100  1\$aHaley, Alex.
=245  10$a[Alex Haley speaks at Cornell.]$h[sound recording]
=260  \\$c1990.
=300  \\$a2 sound cassettes :$banalog, mono.
=500  \\$aRecorded in Ithaca, NY by Cornell University.
=500  \\$aSpeaker(s): Author.
=518  \\$aAddress, February 20, 1990, 8:00 pm, Bailey Hall.
=899  1\$aCULectures
=905  \\$a19991201120000.0

