=LDR  00718cim  22002292u 4500
=001  3603452
=005  20151214183307.0
=007  ss|lmnjluz|nuu
=008  991101s1990\\\\nyunnn\\\\\\\\\l\\\\eng\d
=035  \\$a(NIC)notisASG0517
=035  \\$a3603452
=035  \\$a(OCoLC)63900978
=040  \\$aNIC$cNIC$dNIC$dNIC
=100  1\$aCixous, H{acute}el{grave}ene,$d1937- 
=245  14$aThe ladder of writing: the school of dreams and the school of roots$h[sound recording]
=260  \\$c1990.
=300  \\$a2 sound cassettes :$banalog, mono.
=500  \\$aRecorded in Ithaca, NY by Cornell University.
=500  \\$aSponsored by: Women's Studies Program.
=518  \\$aLecture, April 19, 1990.
=899  1\$aCULectures
=905  \\$a20000310120000.0

