=LDR  00905cim  22002412u 4500
=001  3603508
=005  20151214183313.0
=007  ss|lmnjluz|nuu
=008  991101s1990\\\\nyunnn\\\\\\\\\l\\\\eng\d
=035  \\$a(NIC)notisASG0573
=035  \\$a3603508
=035  \\$a(OCoLC)63901084
=040  \\$aNIC$cNIC$dNIC$dNIC
=100  1\$aPasternak, E. B.$q(Evgeni{breve}i Borisovich),$d1923-
=245  14$aThe creation of Doctor Zhivago$h[sound recording]
=260  \\$c1990.
=300  \\$a1 sound cassette (66 min.) :$banalog, mono.
=500  \\$aRecorded in Ithaca, NY by Cornell University.
=500  \\$aSponsored by: Department of Russian Literature,Soviet and East European Studies Program.
=500  \\$aSpeaker(s): Eldest son of author of Doctor Zhivago, Senior Pasternak Scholar in the Soviet Union.
=518  \\$aLecture, September 17, 1990, 4:30 pm, G-O8, Uris Hall.
=899  1\$aCULectures
=905  \\$a20000503120000.0

