=LDR  00824cim  22002532u 4500
=001  3603541
=005  20151214183315.0
=007  ss|lmnjluz|nuu
=008  991101s1990\\\\nyunnn\\\\\\\\\l\\\\eng\d
=035  \\$a(NIC)notisASG0606
=035  \\$a3603541
=035  \\$a(OCoLC)63901134
=040  \\$aNIC$cNIC$dNIC
=100  1\$aHays, K. Michael.
=245  10$aMass culture and artistic autonomy$h[sound recording]
=260  \\$c1990.
=300  \\$a1 sound cassette (76 min.) :$banalog, mono.
=500  \\$aRecorded in Ithaca, NY by Cornell University.
=500  \\$aSponsored by: Architecture, Department of.
=500  \\$aSpeaker(s): Doctor of Philosophy, MIT.
=518  \\$aLecture, October 15, 1990, 5:30 pm, 120 Baker Laboratory.
=830  \0$aPreston H. Thomas memorial lectures.
=899  1\$aCULectures
=905  \\$a19991201120000.0

