=LDR  00970cim  22002772u 4500
=001  3603646
=005  20151214183320.0
=007  ss|lmnjluz|nuu
=008  991101s1990\\\\nyunnn\\\\\\\\\l\\\\eng\d
=035  \\$a(NIC)notisASG0711
=035  \\$a3603646
=035  \\$a(OCoLC)63901302
=040  \\$aNIC$cNIC$dNIC$dNIC
=100  1\$aMacDougall, Bonnie G.
=245  10$aIndian architecture and the mythological imagination$h[sound recording]
=260  \\$c1990.
=300  \\$a1 sound cassette (85 min.) :$banalog, mono.
=500  \\$aRecorded in Ithaca, NY by Cornell University.
=500  \\$aAccompanied by: Notes.
=500  \\$aSponsored by: Summer Session, Extramural Study, and Related Programs, Division of.
=500  \\$aSpeaker(s): Associate professor of architecture, Cornell.
=518  \\$aLecture, July 25, 1990, 7:30 pm, Alumni Hall.
=540  \\$aNo reproductions authorized.
=830  \0$aSummer Session lectures.
=899  1\$aCULectures
=905  \\$a20000228120000.0

