=LDR  01190cim  22002532u 4500
=001  3603717
=005  20151214183324.0
=007  ss|lmnjluz|nuu
=008  991101s1991\\\\nyunnn\\\\\\\\\l\\\\eng\d
=035  \\$a(NIC)notisASG0782
=035  \\$a3603717
=035  \\$a(OCoLC)63901411
=040  \\$aNIC$cNIC$dNIC$dNIC
=100  1\$aBiden, Joseph R.
=245  10$aEqual justice under the law$h[sound recording]
=260  \\$c1991.
=300  \\$a1 sound cassette (92 min.) :$banalog, mono.
=500  \\$aRecorded in Ithaca, NY by Cornell University.
=500  \\$aSponsored by: Cornell Law School,Cornell Public Interest Law Union,Vice Provost Office,Institute of Public Affairs,Law Student Association,Prison Project,Community and Rural Development Institute,Civil Liberties Union,Eco-Justice,Africana Studies and Research Center,Black Law Students Association,N.Y.S. Bar Association,A.B.A.
=500  \\$aSpeaker(s): U.S. Senator, Chair, U.S. Senate Judiciary Committee.
=518  \\$aLecture, April 19, 1991, 8:00 pm, Moot Court Room, Myron Taylor Hall.
=830  \0$aPreserving fair process for indigent criminal defendents in an overloaded system.
=899  1\$aCULectures
=905  \\$a20000303120000.0

