=LDR  01163cim  22002532u 4500
=001  3603750
=005  20151214183327.0
=007  ss|lmnjluz|nuu
=008  991101s1991\\\\nyunnn\\\\\\\\\l\\\\eng\d
=035  \\$a(NIC)notisASG0815
=035  \\$a3603750
=035  \\$a(OCoLC)63901465
=040  \\$aNIC$cNIC$dNIC
=100  1\$aBhutto, Benazir,$d1953-2007.
=245  10$a[Benazir Bhutto speaks at Cornell.]$h[sound recording]
=260  \\$c1991.
=300  \\$a1 sound cassette (51 min.) :$banalog, mono.
=500  \\$aRecorded in Ithaca, NY by Cornell University.
=500  \\$aSponsored by: Cornell University Program Board,Center for International Studies,Sigma Phi Fraternity,Division of Campus Life,Cornell United Religious Works,Asian Studies, Dept. of,South Asia Program,Women's Studies Program,Program on International Development and Women,Pakistan Students Association.
=500  \\$aSpeaker(s): Former Prime Minister of Pakistan, author of "Policy in Perspective" and "Daughter of Destiny".
=518  \\$aLecture, January 31, 1991, 8:00 pm, Bailey Hall.
=830  \0$aJames Norris Oliphant distinguished speakers.
=899  1\$aCULectures
=905  \\$a19991201120000.0

