=LDR  00754cim  22002412u 4500
=001  3603786
=005  20151214183329.0
=007  ss|lmnjluz|nuu
=008  991101s1991\\\\nyunnn\\\\\\\\\l\\\\eng\d
=035  \\$a(NIC)notisASG0851
=035  \\$a3603786
=035  \\$a(OCoLC)63901522
=040  \\$aNIC$cNIC$dNIC
=100  1\$aTobias, Sheila.
=245  10$aSchlafly phenomenon$h[sound recording]
=260  \\$c1991.
=300  \\$a1 sound cassette (70 min.) :$banalog, mono.
=500  \\$aRecorded in Ithaca, NY by Cornell University.
=500  \\$aSponsored by: Women's Studies.
=500  \\$aSpeaker(s): Founder of Cornell's Women Studies Program.
=518  \\$aLecture, February 13, 1991, 12:00 pm, 394 Uris Hall.
=899  1\$aCULectures
=905  \\$a19991201120000.0

