=LDR  01057cim  22002532u 4500
=001  3604151
=005  20151214183354.0
=007  ss|lmnjluz|nuu
=008  991101s1992\\\\nyunnn\\\\\\\\\l\\\\eng\d
=035  \\$a(NIC)notisASG1216
=035  \\$a3604151
=035  \\$a(OCoLC)63902253
=040  \\$aNIC$cNIC$dNIC$dNIC
=100  1\$aMosse, George L.$q(George Lachmann),$d1918-1999.
=245  10$aTheory of the monument of the Third Reich$h[sound recording]
=260  \\$c1992.
=300  \\$a1 sound cassette (55 min.) :$banalog, mono.
=500  \\$aRecorded in Ithaca, NY by Cornell University.
=500  \\$aSponsored by: College of Architecture, Art and Planning,German Studies, Dept of,Program of Jewish Studies,Herbert F. Johnson Museum of Art,Western Societies Program.
=500  \\$aSpeaker(s): Professor of history, University of Wisconsin at Madison; Clark Fellow, Cornell.
=518  \\$aLecture, April 4, 1992, 7:00 pm, 115 Tjaden Hall.
=830  \0$aArchitecture, memory, Holocaust: a symposium and exhibit.
=899  1\$aCULectures
=905  \\$a20000228120000.0

