=LDR  00969cim  22002532u 4500
=001  3604155
=005  20151214183355.0
=007  ss|lmnjluz|nuu
=008  991101s1992\\\\nyunnn\\\\\\\\\l\\\\eng\d
=035  \\$a(NIC)notisASG1220
=035  \\$a3604155
=035  \\$a(OCoLC)63902258
=040  \\$aNIC$cNIC$dNIC$dNIC
=100  1\$aTaylor, Mark C.,$d1945- 
=245  10$aNot architecture$h[sound recording]
=260  \\$c1992.
=300  \\$a1 sound cassette (73 min.) :$banalog, mono.
=500  \\$aRecorded in Ithaca, NY by Cornell University.
=500  \\$aSponsored by: College of Architecture, Art and Planning,German Studies, Dept of,Program of Jewish Studies,Herbert F. Johnson Museum of Art,Western Societies Program.
=500  \\$aSpeaker(s): Professor of religion, Williams College.
=518  \\$aLecture, April 5, 1992, 11:40 am, 115 Tjaden Hall.
=830  \0$aArchitecture, memory, Holocaust: a symposium and exhibit.
=899  1\$aCULectures
=905  \\$a20000328120000.0

