=LDR  01027cim  22002532u 4500
=001  3604156
=005  20151214183355.0
=007  ss|lmnjluz|nuu
=008  991101s1992\\\\nyunnn\\\\\\\\\l\\\\eng\d
=035  \\$a(NIC)notisASG1221
=035  \\$a3604156
=035  \\$a(OCoLC)63902259
=040  \\$aNIC$cNIC$dNIC
=100  1\$aMilton, Sybil.
=245  10$aChanging meaning and context of Holocaust memorials in Germany$h[sound recording]
=260  \\$c1992.
=300  \\$a1 sound cassette (49 min.) :$banalog, mono.
=500  \\$aRecorded in Ithaca, NY by Cornell University.
=500  \\$aSponsored by: College of Architecture, Art and Planning,German Studies, Dept of,Program of Jewish Studies,Herbert F. Johnson Museum of Art,Western Societies Program.
=500  \\$aSpeaker(s): Senior Resident Historian, United States Holocaust Memorial Council.
=518  \\$aLecture, April 5, 1992, 1:40 pm, 115 Tjaden Hall.
=830  \0$aArchitecture, memory, Holocaust: a symposium and exhibit.
=899  1\$aCULectures
=905  \\$a19991201120000.0

