=LDR  00990cim  22002532u 4500
=001  3604157
=005  20151214183355.0
=007  ss|lmnjluz|nuu
=008  991101s1992\\\\nyunnn\\\\\\\\\l\\\\eng\d
=035  \\$a(NIC)notisASG1222
=035  \\$a3604157
=035  \\$a(OCoLC)63902265
=040  \\$aNIC$cNIC$dNIC$dNIC
=100  1\$aAllen, Stan.
=245  10$aPractices of laughter$h[sound recording]
=260  \\$c1992.
=300  \\$a1 sound cassette (63 min.) :$banalog, mono.
=500  \\$aRecorded in Ithaca, NY by Cornell University.
=500  \\$aSponsored by: College of Architecture, Art and Planning,German Studies, Dept of,Program of Jewish Studies,Herbert F. Johnson Museum of Art,Western Societies Program.
=500  \\$aSpeaker(s): Practicing architect, professor of architecture, Columbia University.
=518  \\$aLecture, April 5, 1992, 2:30 pm, 115 Tjaden Hall.
=830  \0$aArchitecture, memory, Holocaust: a symposium and exhibit.
=899  1\$aCULectures
=905  \\$a20000112120000.0

