=LDR  01032cim  22002532u 4500
=001  3604158
=005  20151214183355.0
=007  ss|lmnjluz|nuu
=008  991101s1992\\\\nyunnn\\\\\\\\\l\\\\eng\d
=035  \\$a(NIC)notisASG1223
=035  \\$a3604158
=035  \\$a(OCoLC)63902271
=040  \\$aNIC$cNIC$dNIC
=100  1\$aO'Neil, Shayne.
=245  10$aAutonomous art after Auschwitz: difficulty versus density$h[sound recording]
=260  \\$c1992.
=300  \\$a1 sound cassette (66 min.) :$banalog, mono.
=500  \\$aRecorded in Ithaca, NY by Cornell University.
=500  \\$aSponsored by: College of Architecture, Art and Planning,German Studies, Dept of,Program of Jewish Studies,Herbert F. Johnson Museum of Art,Western Societies Program.
=500  \\$aSpeaker(s): Architect, professor of architecture, Massachusettes Institute of Technology.
=518  \\$aLecture, April 5, 1992, 3:40 pm, 115 Tjaden Hall.
=830  \0$aArchitecture, memory, Holocaust: a symposium and exhibit.
=899  1\$aCULectures
=905  \\$a19991201120000.0

