=LDR  00941cim  22002532u 4500
=001  3604195
=005  20151214183357.0
=007  ss|lmnjluz|nuu
=008  991101s1992\\\\nyunnn\\\\\\\\\l\\\\eng\d
=035  \\$a(NIC)notisASG1260
=035  \\$a3604195
=035  \\$a(OCoLC)63902339
=040  \\$aNIC$cNIC$dNIC
=100  1\$aAppiah, Anthony.
=245  10$aMy father's house$h[sound recording]
=260  \\$c1992.
=300  \\$a1 sound cassette (87 min.) :$banalog, mono.
=500  \\$aRecorded in Ithaca, NY by Cornell University.
=500  \\$aSponsored by: Rose Goldsen Fund,Ethics and Public Life Program,Gradaute Student Activities Funding Committee,Society for Humanities,Sage School of Philosophy.
=500  \\$aSpeaker(s): Afro-American Studies, Harvard University.
=518  \\$aLecture, April 13, 1992, 4:30 pm, Lecture Room D, Goldwin Smith Hall.
=830  \0$aTheorizing race and racism.
=899  1\$aCULectures
=905  \\$a19991201120000.0

