=LDR  00951cim  22002532u 4500
=001  3604197
=005  20151214183357.0
=007  ss|lmnjluz|nuu
=008  991101s1992\\\\nyunnn\\\\\\\\\l\\\\eng\d
=035  \\$a(NIC)notisASG1262
=035  \\$a3604197
=035  \\$a(OCoLC)63902342
=040  \\$aNIC$cNIC$dNIC$dNIC
=100  1\$aChavez, Cesar,$d1927-1993.
=245  10$aNo Grapes$h[sound recording]
=260  \\$c1992.
=300  \\$a1 sound cassette (75 min.) :$banalog, mono.
=500  \\$aRecorded in Ithaca, NY by Cornell University.
=500  \\$aSponsored by: La Asociacion Latina,Student Activities Finance Commission,College of Industrial and Labor Relations,Protestant Cooperative Ministry,Provost Malden Nesheim.
=500  \\$aSpeaker(s): President and founder, United Farm Workers.
=510  4\$aCornell Chronicle$b4/16/92$cp.6.
=518  \\$aLecture, April 8, 1992, 8:00 pm, 200 Baker Laboratory.
=899  1\$aCULectures
=905  \\$a20000310120000.0

