=LDR  01022cim  22002532u 4500
=001  3604200
=005  20151214183357.0
=007  ss|lmnjluz|nuu
=008  991101s1992\\\\nyunnn\\\\\\\\\l\\\\eng\d
=035  \\$a(NIC)notisASG1265
=035  \\$a3604200
=035  \\$a(OCoLC)63902347
=040  \\$aNIC$cNIC$dNIC$dNIC
=100  1\$aGilman, Sander L.
=245  10$aArchitecture, memory, Holocaust: closing remarks$h[sound recording]
=260  \\$c1992.
=300  \\$a1 sound cassette (90 min.) :$banalog, mono.
=500  \\$aRecorded in Ithaca, NY by Cornell University.
=500  \\$aSponsored by: College of Architecture, Art and Planning,German Studies, Dept. of,Program of Jewish Studies,Herbert F. Johnson Museum of Art,Western Societies Program.
=500  \\$aSpeaker(s): The closing panel was made up of various speakers from the conference.
=518  \\$aPanel, April 5, 1992, 3:45 pm, 115 Tjaden Hall.
=830  \0$aArchitecture, memory, Holocaust: a symposium and exhibit.
=899  1\$aCULectures
=905  \\$a20000228120000.0

