=LDR  00911cim  22002532u 4500
=001  3604223
=005  20151214183358.0
=007  ss|lmnjluz|nuu
=008  991101s1992\\\\nyunnn\\\\\\\\\l\\\\eng\d
=035  \\$a(NIC)notisASG1288
=035  \\$a3604223
=035  \\$a(OCoLC)63902399
=040  \\$aNIC$cNIC$dNIC
=100  1\$aEdwards, Melvin.
=245  10$aArt in architecture: the relationship of art to architecture from a cultural perspective$h[sound recording]
=260  \\$c1992.
=300  \\$a1 sound cassette (75 min.) :$banalog, mono.
=500  \\$aRecorded in Ithaca, NY by Cornell University.
=500  \\$aSponsored by: Minority Organization of Architecture, Art and Planning.
=500  \\$aSpeaker(s): Rutgers University.
=518  \\$aLecture, April 11, 1992, 2:00 pm, 115 Tjaden Hall.
=830  \0$aActual American city: cultural visions and perspectives.
=899  1\$aCULectures
=905  \\$a19991201120000.0

