=LDR  01222cim  22002772u 4500
=001  3604366
=005  20151214183408.0
=007  ss|lmnjluz|nuu
=008  991101s1992\\\\nyunnn\\\\\\\\\l\\\\eng\d
=035  \\$a(NIC)notisASG1431
=035  \\$a3604366
=035  \\$a(OCoLC)63902636
=040  \\$aNIC$cNIC$dNIC
=100  1\$aMeier, Richard.
=245  10$aLight, space and form: the heart of architecture$h[sound recording]
=260  \\$c1992.
=300  \\$a1 sound cassette (47 min.) :$banalog, mono.
=500  \\$aRecorded in Ithaca, NY by Cornell University.
=500  \\$aAccompanied by: Notes.
=500  \\$aSponsored by: Architecture, College of,Trustee Council, Cornell University.
=500  \\$aSpeaker(s): Architect.
=518  \\$aLecture, October 29, 1992.
=520  \\$aMeier discusses the role of light in arhictecture, citing his own architecture in particular.  He discusses the different aspects of architecture for different kinds of buidlings, focusing especially on museums. He analyzes the relationship between landscape and architecture, and concludes that space, light, and form are the heart of architecture.
=830  \0$aTrustee Council Weekend events.
=899  1\$aCULectures
=905  \\$a19991201120000.0

