=LDR  00956cim  22002652u 4500
=001  3604446
=005  20151214183414.0
=007  ss|lmnjluz|nuu
=008  991101s1992\\\\nyunnn\\\\\\\\\l\\\\eng\d
=035  \\$a(NIC)notisASG1511
=035  \\$a3604446
=035  \\$a(OCoLC)63902801
=040  \\$aNIC$cNIC$dNIC
=100  1\$aPiper, Adrian.
=245  10$aXenophobia and Kantian rationalism$h[sound recording]
=260  \\$c1992.
=300  \\$a1 sound cassette (87 min.) :$banalog, mono.
=500  \\$aRecorded in Ithaca, NY by Cornell University.
=500  \\$aAccompanied by: Notes.
=500  \\$aSponsored by: Philosophy Students Association,Rose Goldsen Fund,Ethics and Public Life Program,Society for the Humanities,Sage School of Philosophy.
=500  \\$aSpeaker(s): Wellesley College.
=518  \\$aLecture, February 27, 1992, 4:30 pm, Room D, Goldwin Smith Hall.
=830  \0$aTheorizing race and racism.
=899  1\$aCULectures
=905  \\$a19991201120000.0

