=LDR  00725cim  22002412u 4500
=001  3604526
=005  20151214211231.0
=007  ss|lmnjluz|nuu
=008  991101s1977\\\\nyunnn\\\\\\\\\l\\\\eng\d
=035  \\$a(NIC)notisASG1591
=035  \\$a3604526
=035  \\$a(OCoLC)63902930
=040  \\$aNIC$cNIC$dNIC$dNIC
=100  1\$aWilson, Robert R.,$d1914-2000.
=245  12$aA Physicist blunders into architecture$h[sound recording]
=260  \\$c1977.
=300  \\$a1 sound cassette (60 min.) :$banalog, mono.
=500  \\$aRecorded in Ithaca, NY by Cornell University.
=518  \\$aLecture, October 27, 1977.
=540  \\$aNo reproductions authorized.
=830  \0$aBethe lectures.
=899  1\$aCULectures
=905  \\$a20000414120000.0

