=LDR  01198cim  22003132u 4500
=001  3604576
=005  20151214183426.0
=007  ss|lmnjluz|nuu
=008  991101s1983\\\\nyunnn\\\\\\\\\l\\\\eng\d
=035  \\$a(NIC)notisASG1641
=035  \\$a3604576
=035  \\$a(OCoLC)63903025
=040  \\$aNIC$cNIC$dNIC
=100  1\$aDerrida, Jacques.
=245  14$aThe principle of reason and the idea of the university$h[sound recording]
=260  \\$c1983.
=300  \\$a2 sound cassettes (100 min.) :$banalog, mono.
=500  \\$aRecorded in Ithaca, NY by Cornell University.
=500  \\$aSponsored by: Andrew D. White Professors-At-Large Program.
=518  \\$aLecture, April 19, 1983.
=520  \\$aDerrida discusses a university's "reason to be", its meaning and distinction.
=650  \0$aUniversities and colleges$xEvaluation.
=650  \0$aEducation, Higher$xAims and objectives.
=650  \7$aEducation, Higher$xAims and objectives$2fast$0(OCoLC)fst00903015
=650  \7$aUniversities and colleges$xEvaluation$2fast$0(OCoLC)fst01161730
=830  \0$aAndrew D. White Professors-At-Large lectures.
=899  1\$aCULectures
=905  \\$a19991201120000.0
=948  2\$a20141221$bm$dbatch$elts$xaddfast

