=LDR  01205cim  22003372u 4500
=001  3604586
=005  20151214183427.0
=007  ss|lmnjluz|nuu
=008  991101s1984\\\\nyunnn\\\\\\\\\l\\\\eng\d
=035  \\$a(NIC)notisASG1651
=035  \\$a3604586
=035  \\$a(OCoLC)63903037
=040  \\$aNIC$cNIC$dNIC
=100  1\$aDerrida, Jacques.
=245  10$aInvention of the truth$h[sound recording]
=260  \\$c1984.
=300  \\$a2 sound cassettes (90 min.) :$banalog, mono.
=500  \\$aRecorded in Ithaca, NY by Cornell University.
=500  \\$aSponsored by: Andrew D. White Professors-At-Large Program,Romance Studies, Department of.
=518  \\$aLecture, April 18, 1984.
=520  \\$aDerrida discusses different ideas of, feelings about, and cultural groupings of inventions and invention methods.
=650  \0$aBelief and doubt.
=650  \0$aTruth.
=650  \0$aInventions.
=650  \7$aBelief and doubt$2fast$0(OCoLC)fst00830124
=650  \7$aInventions$2fast$0(OCoLC)fst00977993
=650  \7$aTruth$2fast$0(OCoLC)fst01158235
=830  \0$aAndrew D. White Professors-At-Large lectures.
=899  1\$aCULectures
=905  \\$a19991201120000.0
=948  2\$a20141221$bm$dbatch$elts$xaddfast

