=LDR  01235cim  22003252u 4500
=001  3604597
=005  20151214183428.0
=007  ss|lmnjluz|nuu
=008  991101s1984\\\\nyunnn\\\\\\\\\l\\\\eng\d
=035  \\$a(NIC)notisASG1662
=035  \\$a3604597
=035  \\$a(OCoLC)63903051
=040  \\$aNIC$cNIC$dNIC$dNIC
=100  1\$aDover, K. J.$q(Kenneth James),$d1920-2010.
=245  10$aHomosexuality and initiation in ancient Greece$h[sound recording]
=260  \\$c1984.
=300  \\$a1 sound cassette (75 min.) :$banalog, mono.
=500  \\$aRecorded in Ithaca, NY by Cornell University.
=500  \\$aSponsored by: Andrew D. White Professors-At-Large Program.
=518  \\$aLecture, September 18, 1984.
=520  \\$aDover discusses representations of and interest in homosexuality in ancient Greece, particularly relating to adolescent initiation into adulthood.
=650  \0$aHomosexuality.
=650  \0$aGreece$xHistory$yTo 146 B.C.
=648  \7$aTo 146 B.C.$2fast
=650  \7$aHomosexuality$2fast$0(OCoLC)fst00959755
=655  \7$aHistory$2fast$0(OCoLC)fst01411628
=830  \0$aAndrew D. White Professors-At-Large lectures.
=899  1\$aCULectures
=905  \\$a20000407120000.0
=948  2\$a20141221$bm$dbatch$elts$xaddfast

