=LDR  01209cim  22003132u 4500
=001  3604600
=005  20151214183429.0
=007  ss|lmnjluz|nuu
=008  991101s1984\\\\nyunnn\\\\\\\\\l\\\\eng\d
=035  \\$a(NIC)notisASG1665
=035  \\$a3604600
=035  \\$a(OCoLC)63903054
=040  \\$aNIC$cNIC$dNIC
=100  1\$aWoolhouse, Harold W.
=245  10$aTaking control of evolution:  genetic manipulation and its consequences for various species$h[sound recording]
=260  \\$c1984.
=300  \\$a1 sound cassette (85 min.) :$banalog, mono.
=500  \\$aRecorded in Ithaca, NY by Cornell University.
=500  \\$aSponsored by: Andrew D. White Professors-At-Large Program.
=518  \\$aLecture, October 25, 1984.
=520  \\$aWoolhouse describes the way in which scientists produce new hybrids by genetic manipulation.
=650  \0$aGenetic engineering$xLaw and legislation.
=650  \0$aHybridization.
=650  \7$aGenetic engineering$xLaw and legislation$2fast$0(OCoLC)fst00940036
=650  \7$aHybridization$2fast$0(OCoLC)fst00964535
=830  \0$aAndrew D. White Professors-At-Large lectures.
=899  1\$aCULectures
=905  \\$a19991201120000.0
=948  2\$a20141221$bm$dbatch$elts$xaddfast

