=LDR  01340cim  22003372u 4500
=001  3604601
=005  20151214183429.0
=007  ss|lmnjluz|nuu
=008  991101s1984\\\\nyunnn\\\\\\\\\l\\\\eng\d
=035  \\$a(NIC)notisASG1666
=035  \\$a3604601
=035  \\$a(OCoLC)63903055
=040  \\$aNIC$cNIC$dNIC$dNIC
=100  1\$aBorlaug, Norman E.$q(Norman Ernest),$d1914-2009.
=245  10$aSeeds and global politics$h[sound recording]
=260  \\$c1984.
=300  \\$a1 sound cassette (53 min.) :$banalog, mono.
=500  \\$aRecorded in Ithaca, NY by Cornell University.
=500  \\$aSponsored by: Andrew D. White Professors-At-Large Program.
=518  \\$aLecture, November 12, 1984.
=520  \\$aBorlaug discusses various social and political influences on the development of agriculture and international agricultural policy.
=650  \0$aAgriculture$xInternational cooperation.
=650  \0$aAgricultural assistance.
=650  \0$aAgriculture and politics.
=650  \7$aAgricultural assistance$2fast$0(OCoLC)fst00800461
=650  \7$aAgriculture and politics$2fast$0(OCoLC)fst00801720
=650  \7$aAgriculture$xInternational cooperation$2fast$0(OCoLC)fst00801551
=830  \0$aAndrew D. White Professors-At-Large lectures.
=899  1\$aCULectures
=905  \\$a20000307120000.0
=948  2\$a20141221$bm$dbatch$elts$xaddfast

