=LDR  01319cim  22003732u 4500
=001  3604609
=005  20151214183430.0
=007  ss|lmnjluz|nuu
=008  991101s1985\\\\nyunnn\\\\\\\\\l\\\\eng\d
=035  \\$a(NIC)notisASG1674
=035  \\$a3604609
=035  \\$a(OCoLC)63903063
=040  \\$aNIC$cNIC$dNIC$dNIC
=100  1\$aWelty, Eudora,$d1909-2001.
=245  10$aEudora Welty reads her short story "The Wide Net"$h[sound recording]
=260  \\$c1985.
=300  \\$a1 sound cassette (43 min.) :$banalog, mono.
=500  \\$aRecorded in Ithaca, NY by Cornell University.
=500  \\$aSponsored by: Andrew D. White Professors-At-Large Program.
=500  \\$aSpeaker(s): Well-known author.
=518  \\$aReading, March 27, 1985.
=520  \\$aWelty reads her short story, "The Wide Net".
=540  \\$aNo reproductions authorized.
=600  10$aWelty, Eudora,$d1909-2001.
=650  \0$aFiction$y20th century.
=650  \0$aProse literature.
=600  17$aWelty, Eudora,$d1909-2001$2fast$0(OCoLC)fst00033436
=648  \7$a1900 - 1999$2fast
=650  \7$aFiction$2fast$0(OCoLC)fst00923709
=650  \7$aProse literature$2fast$0(OCoLC)fst01079302
=830  \0$aAndrew D. White Professors-At-Large lectures.
=899  1\$aCULectures
=905  \\$a20000413120000.0
=948  2\$a20141221$bm$dbatch$elts$xaddfast

