=LDR  01241cim  22003492u 4500
=001  3604611
=005  20151214183430.0
=007  ss|lmnjluz|nuu
=008  991101s1985\\\\nyunnn\\\\\\\\\l\\\\eng\d
=035  \\$a(NIC)notisASG1676
=035  \\$a3604611
=035  \\$a(OCoLC)63903066
=040  \\$aNIC$cNIC$dNIC$dNIC
=100  1\$aDerrida, Jacques.
=245  10$aHeidegger's hand$h[sound recording]
=260  \\$c1985.
=300  \\$a2 sound cassettes (115 min.) :$banalog, mono.
=500  \\$aRecorded in Ithaca, NY by Cornell University.
=500  \\$aSponsored by: Andrew D. White Professors-At-Large Program.
=500  \\$aSpeaker(s): French philosopher and author.
=518  \\$aLecture, September 11, 1985.
=520  \\$aDerrida translates, reads, and discusses the work of Heidegger.
=600  10$aHeidegger, Martin,$d1889-1976.
=650  \0$aHistory$xPhilosophy.
=650  \0$aPhilosophy.
=600  17$aHeidegger, Martin,$d1889-1976$2fast$0(OCoLC)fst00032385
=650  \7$aHistory$xPhilosophy$2fast$0(OCoLC)fst00958266
=650  \7$aPhilosophy$2fast$0(OCoLC)fst01060777
=830  \0$aAndrew D. White Professors-At-Large lectures.
=899  1\$aCULectures
=905  \\$a20000407120000.0
=948  2\$a20141221$bm$dbatch$elts$xaddfast

