=LDR  01419cim  22003492u 4500
=001  3604641
=005  20151214183434.0
=007  ss|lmnjluz|nuu
=008  991101s1989\\\\nyunnn\\\\\\\\\l\\\\eng\d
=035  \\$a(NIC)notisASG1706
=035  \\$a3604641
=035  \\$a(OCoLC)63903126
=040  \\$aNIC$cNIC$dNIC$dNIC
=100  1\$aSzarkowski, John.
=245  10$aEarly photography and modernism$h[sound recording]
=260  \\$c1989.
=300  \\$a1 sound cassette (70 min.) :$banalog, mono.
=500  \\$aRecorded in Ithaca, NY by Cornell University.
=500  \\$aSponsored by: Andrew D. White Professors-At-Large Program.
=500  \\$aSpeaker(s): Director, Department of Photography; The Museum of Modern Art, NYC; Andrew D. White Professor-at-Large.
=518  \\$aLecture, April 27, 1989.
=520  \\$aA discussion of the early history of photography and its relation to art in those and later times, with particular emphasis on the different mechanical techniques of early cameras.
=650  \0$aPhotography$yEarly works to 1850.
=650  \0$aArt and photography.
=650  \0$aCameras.
=650  \7$aArt and photography$2fast$0(OCoLC)fst00815420
=650  \7$aCameras$2fast$0(OCoLC)fst00844732
=650  \7$aPhotography$2fast$0(OCoLC)fst01061714
=830  \0$aAndrew D. White Professors-At-Large lectures.
=899  1\$aCULectures
=905  \\$a20000404120000.0
=948  2\$a20141221$bm$dbatch$elts$xaddfast

