=LDR  01381cim  22003612u 4500
=001  3604647
=005  20151214183435.0
=007  ss|lmnjluz|nuu
=008  991101s1989\\\\nyunnn\\\\\\\\\l\\\\eng\d
=035  \\$a(NIC)notisASG1712
=035  \\$a3604647
=035  \\$a(OCoLC)63903140
=040  \\$aNIC$cNIC$dNIC$dNIC
=100  1\$aHeiferman, Marvin.
=245  10$aUnder the influence: art, photography and media culture$h[sound recording]
=260  \\$c1989.
=300  \\$a1 sound cassette (43 min.) :$banalog, mono.
=500  \\$aRecorded in Ithaca, NY by Cornell University.
=500  \\$aSponsored by: Herbert F. Johnson Museum of Art.
=500  \\$aSpeaker(s): Curator, writer and book editor.
=518  \\$aLecture, April 29, 1989.
=520  \\$aHeiferman describes the uses of photography by the media and shows how the study of photography can be, in actuality, a historical review.
=650  \0$aPhotojournalism.
=650  \0$aSemiotics and the arts.
=650  \0$aArt and history.
=650  \7$aArt and history$2fast$0(OCoLC)fst00815396
=650  \7$aPhotojournalism$2fast$0(OCoLC)fst01062022
=650  \7$aSemiotics and the arts$2fast$0(OCoLC)fst01112371
=830  \0$aCrosscurrents: art images/commercial images.
=830  \0$aArthur S. Penn photography symposia.
=899  1\$aCULectures
=905  \\$a20000215120000.0
=948  2\$a20141221$bm$dbatch$elts$xaddfast

