=LDR  01257cim  22002892u 4500
=001  3604914
=005  20151214183454.0
=007  ss|lmnjluz|nuu
=008  991101s1993\\\\nyunnn\\\\\\\\\l\\\\eng\d
=035  \\$a(NIC)notisASG1979
=035  \\$a3604914
=035  \\$a(OCoLC)63903687
=040  \\$aNIC$cNIC$dNIC
=100  1\$aVonnegut, Kurt.
=245  10$aHow to get a job like mine$h[sound recording]
=260  \\$c1993.
=300  \\$a1 sound cassette (66 min.) :$banalog, mono.
=500  \\$aRecorded in Ithaca, NY by Cornell University.
=500  \\$aAccompanied by: Notes.
=500  \\$aSponsored by: Spencer T. and Ann W. Olin Foundation.
=500  \\$aSpeaker(s): Novelist.
=518  \\$aAddress, April 20, 1993.
=520  \\$aSpeaking to a capacity audience of over 2,000 people at Bailey Hall, a congenial and unrestrained Vonnegut expresses opinions on such varied topics as the importance of community, social justice, literature, the weather, educational reform, war, censorship, technology, TM, Charles Manson, and Perry Mason.  He also reccounts his experiences as a Cornell undergraduate in the 1940s.
=540  \\$aNo reproductions authorized.
=830  \0$aSpencer T. and Ann W. Olin lectures.
=899  1\$aCULectures
=905  \\$a19991201120000.0

