=LDR  01171cim  22002652u 4500
=001  3604984
=005  20151214183459.0
=007  ss|lmnjluz|nuu
=008  991101s1993\\\\nyunnn\\\\\\\\\l\\\\eng\d
=035  \\$a(NIC)notisASG2049
=035  \\$a3604984
=035  \\$a(OCoLC)63903805
=040  \\$aNIC$cNIC$dNIC
=100  1\$aHascup, George.
=245  10$aWhat is good design, and do we see any on the Cornell campus?$h[sound recording]
=260  \\$c1993.
=300  \\$a2 sound cassettes (83 min.) :$banalog, mono.
=500  \\$aRecorded in Ithaca, NY by Cornell University.
=500  \\$aSponsored by: College of Achitecture, Art and Planning.
=500  \\$aSpeaker(s): Professor of architecture, Cornell.
=518  \\$aLecture, June 12, 1993.
=520  \\$aIn his seminar, part of the 1993 Alumni Weekend, Hascup discusses various locations or structures on the Cornell campus which exhibit "good design" principles.  Some of these locations include the Arts Quad, the Johnson Art Museum, the McGraw clock tower at Uris Library, the Law School buidlings, and the Performing Arts Center.
=830  \0$aAlumni reunion weekend.
=899  1\$aCULectures
=905  \\$a19991201120000.0

