=LDR  01227cim  22002892u 4500
=001  3605219
=005  20151214183517.0
=007  ss|lmnjluz|nuu
=008  991101s1993\\\\nyunnn\\\\\\\\\l\\\\eng\d
=035  \\$a(NIC)notisASG2284
=035  \\$a3605219
=035  \\$a(OCoLC)63904248
=040  \\$aNIC$cNIC$dNIC
=100  1\$aColomina, Beatriz.
=245  10$aModern architecture and the mass media$h[sound recording]
=260  \\$c1993.
=300  \\$a1 sound cassette (73 min.) :$banalog, mono.
=500  \\$aRecorded in Ithaca, NY by Cornell University.
=500  \\$aSponsored by: Architecture, Art and Planning, College of,Architecture Department.
=500  \\$aSpeaker(s): Professor of architecture, Princeton University.
=510  4\$aCornell Chronicle$b10/21/93$cp.9.
=518  \\$aLecture, October 26, 1993, 5:30 pm, 200 Baker Laboratory.
=520  \\$aColomina examines the interplay between high and mass culture, and the influence of that interaction, along with the advertising techniques of the technological revolution, on modern architecture.
=830  \0$aPublicity and privacy: modern architecture as mass media.
=830  \0$aPreston H. Thomas memorial lectures.
=899  1\$aCULectures
=905  \\$a19991201120000.0

