=LDR  01425cim  22002652u 4500
=001  3605332
=005  20151214183527.0
=007  ss|lmnjluz|nuu
=008  991101s1994\\\\nyunnn\\\\\\\\\l\\\\eng\d
=035  \\$a(NIC)notisASG2397
=035  \\$a3605332
=035  \\$a(OCoLC)63904447
=040  \\$aNIC$cNIC$dNIC
=100  1\$aNasr, Seyyed Hossein.
=245  14$aThe hierarchy of Islamic arts$h[sound recording]
=260  \\$c1994.
=300  \\$a2 sound cassettes (137 min.) :$banalog, mono.
=500  \\$aRecorded in Ithaca, NY by Cornell University.
=500  \\$aSponsored by: Near Eastern Studies, Department of,History of Art, Department of.
=500  \\$aSpeaker(s): University Professor of Islamic Studies, George Washington University; Andrew D. White Professor-at-Large, Cornell.
=518  \\$aLecture, September 22, 1994, 4:30pm, 374 Rockefeller Hall.
=520  \\$aIn this second in a series of three lectures, Nasr first discusses the presence of calligraphy in Islamic art, as well as the extensive use of complex geometry in design.  He then introduces the topic of hierarchy in Islamic art, noting that, as in the West, architecture is preeminent, while art that is closest to the individual, such as clothing, is secondary.  He notes that Islamic architecture's primary function is to promote quiet or peace.
=830  \4$aThe philosophy and meaning of art in Islam.
=899  1\$aCULectures
=905  \\$a20000508120000.0

