=LDR  02546cim  22003372u 4500
=001  3605514
=005  20151214183539.0
=007  ss|lmnjluz|nuu
=008  991101s1995\\\\nyunnn\\\\\\\\\l\\\\eng\d
=035  \\$a(NIC)notisASG2579
=035  \\$a3605514
=035  \\$a(OCoLC)63904840
=040  \\$aNIC$cNIC$dNIC
=100  1\$aDao, Bei.
=245  10$aBei Dao and contemporary chinese poetry$h[sound recording]
=260  \\$c1995.
=300  \\$a2 sound cassettes (102 min.) :$banalog, mono.
=500  \\$aRecorded in Ithaca, NY by Cornell University.
=500  \\$aAccompanied by: Conference program;List of poems read by Bei Dao (list in English);Handouts to accompany Lazer's talk: Five poems by Che Qianzi (in Chinese and with English translations).
=500  \\$aSponsored by: University Lectures Committee,Society for the Humanities,Cornell Council for the Arts,Office of the Dean, College of Arts and Sciences,Comparative Literature, Department of,English, Department of,German Studies, Department of,Romance Studies, Department,Theatre Arts, Department of,Africana Studies and Research Center,Asian-American Studies Program,Creative Writing Program, Department of English,East Asia Program,Hispanic-American Studies Program,Women's Studies Program.
=500  \\$aSpeaker(s): Dao is a Chinese poet.  Huang is from SUNY-Buffalo.  Zhen, Gunther and Lazer are from the University of Alabama.
=505  0\$aBei Dao reads from his work. -- The reception of Chinese poetry in the U.S. -- Against the allegorical typology: new trends in contemporary Chinese poetry. -- Metamorphosing poetics: writing the body, writing the text. -- Character, self, and sumbol: the poetry of Che Qianzi and Bei Dao.
=518  \\$aReading and Panel, March 31, 1995, 8:00pm, HEC Aud., Goldwin Smith.
=520  \\$aAfter four local scholars read one poem each by Bei Dau in English, the author reads his work in the original Chinese.  Huang discusses the acceptance and interpretation of this and other Chinese poetry in the United States. Gunther comments on the body as a metaphor both within and without poetry. Zheng speaks on the course of general trends in contemporary Chinese poetry. Lazer elaborates on the visual structure of Chinese poetry in its original characters versus English translations (see handouts).
=700  1\$aLazer, Hank.
=700  1\$aGunther, Robin.
=700  1\$aZhen, Zheng.
=700  1\$aHuang, Yunte.
=830  \0$aPast, present, future tense: a conference on contemporary poetry.
=899  1\$aCULectures
=905  \\$a19991201120000.0

