=LDR  00888cim  22002412u 4500
=001  3605543
=005  20151214183541.0
=007  ss|lmnjluz|nuu
=008  991101s1995\\\\nyunnn\\\\\\\\\l\\\\eng\d
=035  \\$a(NIC)notisASG2608
=035  \\$a3605543
=035  \\$a(OCoLC)63904878
=040  \\$aNIC$cNIC$dNIC
=100  1\$aGlass, Philip.
=245  10$aPhillip Glass discusses his work in theater and opera$h[sound recording]
=260  \\$c1995.
=300  \\$a1 sound cassette (77 min.) :$banalog, mono.
=500  \\$aRecorded in Ithaca, NY by Cornell University.
=500  \\$aSponsored by: Music, Department of,Rose K. Goldsen Fund: Images in Society,Cornell Cinema,Architecture, Art and Planning, College of.
=500  \\$aSpeaker(s): Internationally acclaimed composer and musician.
=518  \\$aLecture, April 19, 1995, 8:00pm, Barnes Hall.
=899  1\$aCULectures
=905  \\$a19991201120000.0

