=LDR  01195cim  22003252u 4500
=001  3605550
=005  20151214183541.0
=007  ss|lmnjluz|nuu
=008  991101s1995\\\\nyunnn\\\\\\\\\l\\\\eng\d
=035  \\$a(NIC)notisASG2615
=035  \\$a3605550
=035  \\$a(OCoLC)63904888
=040  \\$aNIC$cNIC$dNIC$dNIC
=100  1\$aLanzmann, Claude.
=245  12$aA discussion with Claude Lanzmann about his films$h[sound recording]
=260  \\$c1995.
=300  \\$a2 sound cassettes (106 min.) :$banalog, mono.
=500  \\$aRecorded in Ithaca, NY by Cornell University.
=500  \\$aSponsored by: Society for the Humanities,Cornell Cinema,Romance Studies, Department of,German Studies, Department of,History, Department of,Jewish Studies Program.
=500  \\$aSpeaker(s): Noted French filmmaker ("Shoah", "Tsahal"); Clark Fellow (Cornell).
=518  \\$aPanel, April 27, 1995, 4:30pm, HEC Aud., GS.
=700  1\$aMurray, Timothy.
=700  1\$aRodowick, David Norman.
=700  1\$aWeiss, John Hubbel. 
=700  1\$aLaCapra, Dominick,$d1939-
=700  1\$aFurman, Nelly.
=700  1\$aBuck-Morss, Susan.
=700  1\$aBrinkley, Anthony.
=899  1\$aCULectures
=905  \\$a20000406120000.0

