=LDR  00774cim  22002412u 4500
=001  3605552
=005  20151214183542.0
=007  ss|lmnjluz|nuu
=008  991101s1995\\\\nyunnn\\\\\\\\\l\\\\eng\d
=035  \\$a(NIC)notisASG2617
=035  \\$a3605552
=035  \\$a(OCoLC)63904890
=040  \\$aNIC$cNIC$dNIC
=100  1\$aGreen, Andr{acute}e
=245  14$aThe scene, an uninhabited island (on "The Tempest")$h[sound recording]
=260  \\$c1995.
=300  \\$a2 sound cassettes (100 min.) :$banalog, mono.
=500  \\$aRecorded in Ithaca, NY by Cornell University.
=500  \\$aSponsored by: Society for the Humanities.
=500  \\$aSpeaker(s): Practicing psychoanalyst.
=518  \\$aLecture, May 1, 1995, 4:30pm, Goldwin Smith D.
=899  1\$aCULectures
=905  \\$a20000314120000.0

